3650 5844
441 827 483 892 98
813 843 892 892 nus
916 843 1109 893 nrunrsruru

285 1029 410 1079 Ansam.
441 1016 461 1043 “
481 1013 628 1071 ‘materia
645 1015 707 1070 foro
725 1015 828 1087 nequit
845 1021 989 1088 suspects,
1009 1033 1073 1088 quae
1093 1016 1130 1072 ad
1147 1017 1313 1088 proximum
1333 1017 1430 1073 fueret
1447 1017 1491 1071 in·

444 1102 463 1128 “
484 1099 630 1155 ‘teritum
654 1104 827 1171 praeparata.
865 1099 914 1156 Sic
939 1100 1079 1174 loquitur,
1098 1105 1199 1156 sancte
1222 1105 1316 1172 pater,
1337 1099 1380 1156 sic
1397 1101 1490 1173 loqui-

441 1186 459 1211 “
482 1187 553 1237 ‘tur
578 1183 679 1255 quiin
697 1183 758 1238 suis
782 1181 898 1239 insidiis
916 1201 968 1239 nos
987 1183 1119 1240 iuvenire
1137 1186 1287 1256 querebat
1311 1185 1444 1240 incautos
1463 1189 1492 1238 et

441 1269 461 1294 “
482 1267 620 1340 'penitus
646 1265 824 1340 imparatos.¹
872 1267 930 1322 Sed
957 1267 1058 1338 procul
1085 1266 1176 1323 dubio
1201 1265 1315 1323 mutius
1340 1275 1369 1323 et
1399 1267 1493 1323 tutius

442 1352 461 1376 “
484 1349 562 1404 ‘fuit
587 1349 680 1414 nobis,
709 1347 795 1419 juxte
823 1348 984 1405 militarem
1022 1349 1183 1406 theoricam
1215 1350 1384 1406 edocentem
1416 1349 1493 1422 quod

443 1438 462 1462 “
483 1433 611 1490 ἰιιοῐιιιι2
640 1451 754 1506 guerra
772 1435 936 1505 periculum
962 1434 1028 1506 plus
1047 1435 1140 1490 evitat
1158 1435 1210 1507 qui
1237 1451 1302 1490 eam
1322 1454 1339 1490 a
1357 1453 1417 1491 euae
1436 1441 1493 1490 ter-

441 1521 459 1546 ‘¹
480 1520 488 1545 ‘
502 1537 542 1573 rae
560 1517 654 1574 limite
671 1518 738 1590 plus
750 1518 934 1590 sequestrat,¹
963 1523 1065 1574 contra
1075 1519 1222 1575 notorium
1234 1519 1347 1574 hostem
1360 1525 1494 1574 nostrum

442 1606 460 1632 “
482 1607 555 1674 ‘pro
571 1601 639 1673 jure
656 1607 756 1660 nostro
779 1619 833 1658 nos
851 1603 989 1676 congredi
1014 1621 1049 1658 ex
1066 1604 1154 1660 terris
1178 1603 1343 1674 potentium
1367 1604 1493 1675 potenti·

442 1687 461 1714 ‘¹
482 1689 490 1712 ‘
502 1687 557 1740 bus
570 1686 702 1750 sociatos,
712 1701 800 1756 quam
812 1685 844 1738 in
856 1685 974 1756 propria
986 1689 1086 1739 nostra
1105 1684 1188 1740 solos.
1225 1683 1293 1738 Non
1305 1684 1398 1756 igitur
1416 1683 1494 1756 apud

443 1772 461 1796 ‘¹
485 1773 603 1826 ‘vestra
620 1769 733 1824 viscera
755 1768 964 1824 misericordiae
986 1768 1152 1824 sanctitatis
1176 1769 1273 1824 locum
1291 1769 1423 1824 inveniat
1447 1768 1495 1822 de-

443 1854 463 1878 “
483 1851 685 1907 ‘trahentium
712 1851 882 1906 informatio
907 1851 1015 1905 emula
1042 1850 1088 1906 vel
1114 1849 1235 1906 sinistra
1263 1851 1341 1907 iacta
1368 1851 1404 1906 de
1422 1850 1493 1916 filio,

444 1939 463 1963 ‘⁴
484 1936 557 2007 ‘qui
575 1953 694 1991 suorum
723 1934 900 1990 hereditario
921 1933 989 2004 jure
1012 1934 1158 2007 majorum
1183 1935 1214 1989 in
1238 1940 1404 1990 vestrorum
1423 1953 1496 2006 pree·

444 2021 464 2046 ‘⁶
487 2019 704 2085 ‘decessorum¹
728 2023 833 2085 vestra,
862 2024 892 2074 ct
916 2018 1084 2089 apostolice
1113 2018 1199 2084 sedis,
1221 2018 1319 2090 gratia
1343 2023 1373 2074 et
1399 2018 1496 2073 ohedi-

442 2105 464 2132 “
486 2104 587 2158 ‘entia
613 2119 727 2174 semper
752 2103 922 2158 inconcusse
947 2101 1079 2174 persistit
1105 2107 1134 2158 et
1161 2103 1306 2174 persistet.
1343 2103 1450 2168 Immo,
1471 2102 1497 2158 si

446 2191 466 2216 “
486 2188 619 2260 ‘quavis
645 2187 681 2242 de
708 2187 769 2241 filio
795 2188 895 2242 taliter
912 2188 1000 2257 ⁸facta
1025 2189 1176 2259 suggestio
1199 2187 1360 2258 pulsaverit
1391 2194 1497 2244 vestrm

446 2273 465 2298 ‘⁸
487 2269 699 2328 ‘beatitudinis
738 2272 837 2326 forsan
875 2288 971 2338 aures,
1001 2289 1060 2327 non
1098 2273 1180 2343 prius
1210 2289 1228 2326 a
1257 2279 1356 2329 vestra
1395 2273 1498 2343 digna·

445 2359 465 2384 “
486 2356 587 2411 ‘tione
635 2360 737 2410 sancta
774 2353 932 2410 credulitas
970 2355 1016 2411 ilii
1056 2356 1151 2424 detur,
1190 2373 1278 2428 quam
1317 2355 1433 2412 auditne
1460 2358 1499 2411 eit

443 2440 464 2465 “
487 2439 585 2494 ‘iilius
619 2438 671 2509 qui
695 2443 843 2506 tangetur,
870 2439 921 2509 qui
946 2437 1066 2494 confidit
1091 2445 1122 2494 et
1147 2439 1345 2496 indesinenter
1369 2440 1498 2496 intendit

442 2525 462 2549 ‘⁴
483 2526 490 2549 ‘
505 2527 572 2577 ante
584 2520 749 2578 sanctitatis
761 2527 868 2576 vestrm
882 2520 1038 2591 judicium,
1052 2521 1153 2576 omni⁴
1167 2525 1328 2592 presidens
1341 2529 1492 2589 creaturae,

441 2608 460 2631 “
483 2605 581 2676 ‘quod
615 2624 723 2678 negare
763 2605 900 2660 haeresim
931 2611 976 2661 est
1012 2605 1145 2676 probare,
1174 2607 1288 2678 justam
1319 2607 1416 2662 dicero
1448 2608 1496 2663 rel

441 2693 462 2719 “
483 2691 611 2762 ‘justam
629 2692 723 2746 facere
748 2691 907 2763 quamlibet
935 2707 1052 2746 oausam
1079 2707 1170 2745 suam.
1209 2691 1288 2746 Illud
1307 2691 1430 2763 nempe⁵
1444 2693 1496 2747 de·

441 2778 459 2802 ‘⁸
481 2778 585 2830 'mum
602 2775 735 2840 dicimus,
755 2775 793 2830 ad
810 2780 917 2831 nostrie
929 2773 940 2805 ⁶
951 2773 1122 2830 intentionis
1133 2775 1309 2847 majorisque
1327 2776 1492 2831 dovotionis

442 2859 461 2884 ⁸⁶
483 2862 490 2884 ⁸
504 2858 693 2926 evidentiam,
705 2859 915 2930 subjungentes
924 2855 1011 2929 quod,
1023 2858 1048 2912 si
1056 2857 1095 2912 sit
1108 2857 1213 2930 aliquis
1222 2855 1232 2892 ⁷
1241 2857 1276 2912 de
1287 2859 1370 2914 nobis
1388 2860 1497 2914 foedere

443 2943 462 2968 “
483 2945 616 2998 ‘naturae
642 2941 983 3013 conjunctus⁸uobisque
1010 2940 1047 2995 ad
1073 2946 1203 3008 nostram
1222 2941 1421 2998 defensionem
1440 2943 1491 2996 ad-

443 3026 461 3052 “
485 3028 491 3049 ⁸
502 3024 643 3094 junctus,¹
661 3025 712 3097 qui
730 3044 783 3098 per
809 3023 888 3080 viam
919 3023 1092 3078 obedientias
1129 3025 1297 3096 apostolica
1327 3025 1404 3080 sedis
1435 3043 1494 3082 uon

443 3111 462 3136 ‘¹
483 3110 635 3165 ‘ambulat
666 3111 741 3165 siout
771 3110 867 3174 debet,
886 3107 956 3163 dare
974 3107 1164 3174 intendimus,
1183 3126 1271 3182 quam
1296 3127 1356 3166 nou
1389 3127 1493 3181 parum

443 3193 461 3219 “
482 3194 489 3218 ‘
504 3192 618 3248 utiliter
635 3191 705 3248 dare
717 3209 800 3264 posse
813 3191 994 3257 confidimus,
1008 3208 1126 3262 operam
1139 3189 1347 3258 indefessam,¹⁰
1358 3197 1400 3256 ut,
1416 3193 1495 3248 omni

444 3280 461 3304 “
484 3277 627 3346 ‘dimisso
657 3277 753 3343 devio,
785 3277 824 3332 ad
852 3277 932 3332 viam
961 3275 1135 3331 obedientius
1161 3275 1260 3330 redeat
1291 3293 1464 3348 omnemque
1478 3275 1495 3308 ¹¹

443 3363 461 3386 “
484 3359 595 3417 ‘faciat
613 3361 746 3416 semitam
765 3377 849 3416 suam
866 3363 985 3414 rectum.
1023 3359 1123 3414 Unum
1136 3375 1248 3424 rursus,
1268 3359 1346 3430 quod
1364 3361 1495 3415 amultis

442 3449 462 3472 “
484 3449 490 3471 ‘
505 3446 678 3512 audirimus,
687 3447 781 3517 petita
799 3444 885 3500 venia
903 3460 970 3498 cum
983 3443 1155 3510 reverentis,
1179 3460 1238 3498 non
1259 3449 1401 3510 tacemus,
1418 3445 1495 3516 quod

442 3529 458 3552 ‘¹
481 3526 819 3593 ‘alias121nauditum‚¹³
836 3531 946 3599 quanto
970 3525 1198 3580 consideratur¹⁴
1212 3526 1364 3592 attentius,
1389 3527 1496 3598 pungit

444 3612 463 3638 Η

485 3611 621 3667 ‘acutius
640 3617 771 3667 mentem
796 3615 947 3676 nostram
973 3607 1114 3665 videlicet
1131 3609 1209 3680 quod
1226 3609 1387 3666 adversarii
1404 3611 1497 3666 nostri

485 3698 621 3762 ‘manue
641 3695 755 3752 notorie
773 3699 852 3761 tuno,
873 3700 908 3750 ut
916 3693 936 3725 ¹⁸
947 3695 1038 3766 prius,
1060 3694 1097 3749 ed
1121 3699 1258 3750 nostrum
1284 3699 1399 3750 tantum
1418 3695 1496 3750 labo·

484 3780 598 3835 ‘mutis
628 3780 761 3850 exitium,
797 3795 864 3838 oum
893 3795 1031 3850 guerram
1061 3778 1171 3834 faceret
1213 3795 1299 3834 nemo
1337 3777 1402 3846 sibi,
1441 3797 1495 3834 neo

475 4105 483 4136 ¹
496 4106 649 4171 imparatos]
672 4105 823 4172 disparatos,
845 4105 880 4156 Η.
894 4107 945 4168 A.;
1026 4105 1211 4172 8ιιιιιίιιιισιιιι]
1222 4105 1373 4170 conjunctis,
1385 4106 1420 4156 Η.
1432 4106 1466 4155 A.

426 4183 582 4250 ¹imperitos,
592 4185 626 4235 N.
981 4195 986 4204 ’
1025 4185 1195 4252 ¹cdjiinctas]
1210 4184 1346 4249 adjunctis,
1360 4183 1395 4234 Η.
1408 4186 1444 4236 A.

441 4421 465 4470 N

475 4264 578 4329 ςιιιοιιε]
595 4271 684 4324 morte,
697 4265 731 4314 Η.
743 4265 778 4315 A.
1025 4262 1045 4294 ¹⁰
1057 4263 1217 4329 indefessam]
1234 4263 1400 4324 indefensam,
1410 4262 1447 4313 Η.
1461 4263 1494 4315 A.

472 4341 484 4374 ⁸
491 4341 554 4407 pisas
573 4342 727 4407 sequestrat]
750 4349 945 4406 prosequemini,
1024 4343 1042 4376 ¹¹
1055 4343 1206 4408 omnemque]
1218 4357 1435 4406 communemque,
1448 4343 1483 4393 N.

1024 4421 1044 4456 ¹²
1054 4422 1121 4486 quod
1132 4423 1212 4489 alias]
1229 4439 1279 4473 om.
1291 4424 1327 4474 Η.
1339 4424 1374 4473 A.

474 4501 573 4567 4οιιιιιι]
589 4516 656 4562 eum,
668 4503 702 4552 H.
1024 4502 1044 4534 ¹³
1056 4502 1209 4567 inauditum]
1225 4501 1375 4568 inauditam,
1387 4502 1423 4552 H.
1435 4501 1470 4550 A.

474 4581 483 4612 ⁵
493 4582 592 4648 serape]
606 4597 656 4632 om.
669 4582 704 4634 H.
716 4584 751 4634 A.
1021 4582 1041 4613 ¹⁴
1053 4587 1146 4646 quanto
1163 4580 1347 4646 masiderotur]
1371 4594 1446 4644 quam
1458 4579 1495 4628 iu-

472 4661 600 4726 ¹nostroe]
617 4667 714 4723 vestrae,
726 4661 761 4712 Η.
774 4662 807 4711 A.
987 4660 1171 4720 consideratur,
1183 4660 1218 4710 Η.
1231 4660 1266 4711 A.

473 4741 602 4808 iuliquis]
617 4757 667 4792 om.
681 4743 717 4794 H.
758 4798 762 4806 ,
1021 4740 1040 4772 ¹⁵
1053 4740 1093 4805 ut]
1109 4747 1144 4798 et,
1154 4740 1189 4789 Η.
1201 4739 1236 4790 A.
