<?xml version="1.0" encoding="UTF-8"?>
<!DOCTYPE html PUBLIC "-//W3C//DTD XHTML 1.0 Transitional//EN"
    "http://www.w3.org/TR/xhtml1/DTD/xhtml1-transitional.dtd">
<html xmlns="http://www.w3.org/1999/xhtml" xml:lang="en" lang="en">
 <head>
  <title>
</title>
<meta http-equiv="Content-Type" content="text/html;charset=utf-8" />
  <meta name='ocr-system' content='tesseract 3.04.00' />
  <meta name='ocr-capabilities' content='ocr_page ocr_carea ocr_par ocr_line ocrx_word'/>
</head>
<body>
  <div class='ocr_page' id='page_1' title='image "admurimuthconti00robegoog_0166.png"; bbox 0 0 3650 5844; ppageno 0'>
   <div class='ocr_carea' id='block_1_1' title="bbox 429 856 1099 922">
    <p class='ocr_par' dir='ltr' id='par_1_1' title="bbox 429 856 1099 922">
     <span class='ocr_line' id='line_1_1' title="bbox 429 856 1099 922; baseline -0.003 -2"><span class='ocrx_word' id='word_1_1' title='bbox 429 856 472 920; x_wconf 87' lang='grc'><strong>96</strong></span> <span class='ocrx_word' id='word_1_2' title='bbox 802 869 882 920; x_wconf 77' lang='lat' dir='ltr'><strong>sun</strong></span> <span class='ocrx_word' id='word_1_3' title='bbox 905 869 1099 922; x_wconf 73' lang='lat' dir='ltr'><strong>summurn</strong></span> 
     </span>
    </p>
   </div>
   <div class='ocr_carea' id='block_1_2' title="bbox 278 1042 1565 3947">
    <p class='ocr_par' dir='ltr' id='par_1_2' title="bbox 278 1042 1565 3947">
     <span class='ocr_line' id='line_1_2' title="bbox 278 1042 1484 1116; baseline -0.01 -9"><span class='ocrx_word' id='word_1_4' title='bbox 278 1063 403 1108; x_wconf 69' lang='lat' dir='ltr'><strong>Aulaeo.</strong></span> <span class='ocrx_word' id='word_1_5' title='bbox 430 1043 449 1072; x_wconf 85' lang='lat'>¹‘</span> <span class='ocrx_word' id='word_1_6' title='bbox 470 1043 593 1100; x_wconf 81' lang='lat' dir='ltr'><strong>‘credat</strong></span> <span class='ocrx_word' id='word_1_7' title='bbox 627 1043 706 1114; x_wconf 88' lang='lat' dir='ltr'><strong>quod</strong></span> <span class='ocrx_word' id='word_1_8' title='bbox 740 1043 878 1100; x_wconf 85' lang='lat' dir='ltr'><strong>euimos¹</strong></span> <span class='ocrx_word' id='word_1_9' title='bbox 910 1043 994 1100; x_wconf 90' lang='lat' dir='ltr'><strong>uobis</strong></span> <span class='ocrx_word' id='word_1_10' title='bbox 1024 1043 1161 1116; x_wconf 82' lang='lat' dir='ltr'><strong>cognitus</strong></span> <span class='ocrx_word' id='word_1_11' title='bbox 1192 1042 1359 1114; x_wconf 83' lang='lat' dir='ltr'><strong>principis¹</strong></span> <span class='ocrx_word' id='word_1_12' title='bbox 1389 1045 1484 1099; x_wconf 81' lang='lat' dir='ltr'><strong>tentos</strong></span> 
     </span>
     <span class='ocr_line' id='line_1_3' title="bbox 431 1125 1494 1200; baseline -0.003 -16"><span class='ocrx_word' id='word_1_13' title='bbox 431 1129 449 1156; x_wconf 85' lang='lat'><em>“</em></span> <span class='ocrx_word' id='word_1_14' title='bbox 471 1127 632 1198; x_wconf 84' lang='lat' dir='ltr'><strong>‘potentiss</strong></span> <span class='ocrx_word' id='word_1_15' title='bbox 669 1133 700 1184; x_wconf 89' lang='lat' dir='ltr'><strong>et</strong></span> <span class='ocrx_word' id='word_1_16' title='bbox 726 1126 780 1196; x_wconf 87' lang='lat' dir='ltr'><strong>sic,</strong></span> <span class='ocrx_word' id='word_1_17' title='bbox 805 1133 840 1184; x_wconf 89' lang='lat' dir='ltr'><strong>ut</strong></span> <span class='ocrx_word' id='word_1_18' title='bbox 873 1128 1077 1200; x_wconf 72' lang='lat' dir='ltr'><strong>premittitur,</strong></span> <span class='ocrx_word' id='word_1_19' title='bbox 1105 1137 1256 1199; x_wconf 71' lang='lat' dir='ltr'><strong>occupatu</strong></span> <span class='ocrx_word' id='word_1_20' title='bbox 1284 1127 1371 1184; x_wconf 84' lang='lat' dir='ltr'><strong>nobis</strong></span> <span class='ocrx_word' id='word_1_21' title='bbox 1399 1125 1494 1182; x_wconf 83' lang='lat' dir='ltr'><strong>luerit</strong></span> 
     </span>
     <span class='ocr_line' id='line_1_4' title="bbox 430 1209 1492 1282; baseline 0 -18"><span class='ocrx_word' id='word_1_22' title='bbox 430 1211 449 1238; x_wconf 88' lang='lat'>“</span> <span class='ocrx_word' id='word_1_23' title='bbox 471 1215 478 1238; x_wconf 92' lang='lat'><em>‘</em></span> <span class='ocrx_word' id='word_1_24' title='bbox 493 1209 701 1282; x_wconf 81' lang='lat' dir='ltr'><strong>negligendus,</strong></span> <span class='ocrx_word' id='word_1_25' title='bbox 717 1212 779 1282; x_wconf 89' lang='lat' dir='ltr'><strong>qui,</strong></span> <span class='ocrx_word' id='word_1_26' title='bbox 795 1227 855 1266; x_wconf 82' lang='lat' dir='ltr'><strong>suso</strong></span> <span class='ocrx_word' id='word_1_27' title='bbox 874 1211 987 1266; x_wconf 85' lang='lat' dir='ltr'><strong>viribus</strong></span> <span class='ocrx_word' id='word_1_28' title='bbox 1005 1210 1166 1268; x_wconf 70' lang='lat' dir='ltr'><strong>voluntatis</strong></span> <span class='ocrx_word' id='word_1_29' title='bbox 1184 1215 1327 1278; x_wconf 82' lang='lat' dir='ltr'><strong>armatus,</strong></span> <span class='ocrx_word' id='word_1_30' title='bbox 1339 1209 1492 1282; x_wconf 84' lang='lat' dir='ltr'><strong>potentiu¹</strong></span> 
     </span>
     <span class='ocr_line' id='line_1_5' title="bbox 432 1293 1492 1366; baseline -0.002 -16"><span class='ocrx_word' id='word_1_31' title='bbox 432 1295 451 1321; x_wconf 88' lang='lat'>“</span> <span class='ocrx_word' id='word_1_32' title='bbox 472 1293 624 1364; x_wconf 88' lang='lat' dir='ltr'><strong>‘undique</strong></span> <span class='ocrx_word' id='word_1_33' title='bbox 651 1297 755 1350; x_wconf 82' lang='lat' dir='ltr'><strong>vocate</strong></span> <span class='ocrx_word' id='word_1_34' title='bbox 772 1295 908 1362; x_wconf 81' lang='lat' dir='ltr'><strong>vallatus,</strong></span> <span class='ocrx_word' id='word_1_35' title='bbox 928 1295 1023 1350; x_wconf 91' lang='lat' dir='ltr'><strong>solum</strong></span> <span class='ocrx_word' id='word_1_36' title='bbox 1042 1299 1076 1351; x_wconf 88' lang='lat' dir='ltr'><strong>ot</strong></span> <span class='ocrx_word' id='word_1_37' title='bbox 1101 1293 1194 1365; x_wconf 91' lang='lat' dir='ltr'><strong>possit</strong></span> <span class='ocrx_word' id='word_1_38' title='bbox 1219 1293 1339 1350; x_wconf 88' lang='lat' dir='ltr'><strong>liberius</strong></span> <span class='ocrx_word' id='word_1_39' title='bbox 1366 1310 1420 1366; x_wconf 91' lang='lat' dir='ltr'><strong>pro</strong></span> <span class='ocrx_word' id='word_1_40' title='bbox 1438 1309 1492 1348; x_wconf 84' lang='lat' dir='ltr'><strong>sua</strong></span> 
     </span>
     <span class='ocr_line' id='line_1_6' title="bbox 432 1373 1490 1449; baseline 0.001 -18"><span class='ocrx_word' id='word_1_41' title='bbox 432 1380 450 1405; x_wconf 82' lang='lat'><strong>‘⁶</strong></span> <span class='ocrx_word' id='word_1_42' title='bbox 472 1377 643 1434; x_wconf 83' lang='lat' dir='ltr'><strong>‘voluntate</strong></span> <span class='ocrx_word' id='word_1_43' title='bbox 670 1395 724 1434; x_wconf 90' lang='lat' dir='ltr'><strong>uos</strong></span> <span class='ocrx_word' id='word_1_44' title='bbox 752 1378 899 1449; x_wconf 75' lang='lat' dir='ltr'>persequi,</span> <span class='ocrx_word' id='word_1_45' title='bbox 919 1378 1047 1445; x_wconf 81' lang='lat' dir='ltr'><strong>inretsm</strong></span> <span class='ocrx_word' id='word_1_46' title='bbox 1074 1376 1184 1434; x_wconf 81' lang='lat' dir='ltr'><strong>decerit</strong></span> <span class='ocrx_word' id='word_1_47' title='bbox 1208 1393 1326 1434; x_wconf 80' lang='lat' dir='ltr'><strong>censum</strong></span> <span class='ocrx_word' id='word_1_48' title='bbox 1353 1373 1490 1433; x_wconf 75' lang='lat' dir='ltr'><strong>(llsristil¹</strong></span> 
     </span>
     <span class='ocr_line' id='line_1_7' title="bbox 432 1458 1486 1532; baseline -0.002 -18"><span class='ocrx_word' id='word_1_49' title='bbox 432 1462 450 1486; x_wconf 93' lang='grc'>“</span> <span class='ocrx_word' id='word_1_50' title='bbox 472 1458 572 1530; x_wconf 84' lang='lat' dir='ltr'>‘Quid</span> <span class='ocrx_word' id='word_1_51' title='bbox 590 1477 659 1530; x_wconf 80' lang='lat' dir='ltr'><strong>ergo</strong></span> <span class='ocrx_word' id='word_1_52' title='bbox 677 1475 731 1530; x_wconf 88' lang='lat' dir='ltr'><strong>pro</strong></span> <span class='ocrx_word' id='word_1_53' title='bbox 749 1475 802 1516; x_wconf 92' lang='lat' dir='ltr'><strong>suo</strong></span> <span class='ocrx_word' id='word_1_54' title='bbox 816 1460 884 1532; x_wconf 82' lang='lat' dir='ltr'><strong>juro</strong></span> <span class='ocrx_word' id='word_1_55' title='bbox 908 1477 1019 1530; x_wconf 83' lang='lat' dir='ltr'><strong>sueque</strong></span> <span class='ocrx_word' id='word_1_56' title='bbox 1037 1459 1195 1516; x_wconf 71' lang='lat' dir='ltr'><strong>securitate</strong></span> <span class='ocrx_word' id='word_1_57' title='bbox 1222 1477 1282 1516; x_wconf 90' lang='lat' dir='ltr'><strong>non</strong></span> <span class='ocrx_word' id='word_1_58' title='bbox 1300 1459 1386 1516; x_wconf 91' lang='lat' dir='ltr'><strong>lionit</strong></span> <span class='ocrx_word' id='word_1_59' title='bbox 1410 1459 1486 1529; x_wconf 84' lang='lat' dir='ltr'><strong>regi,</strong></span> 
     </span>
     <span class='ocr_line' id='line_1_8' title="bbox 431 1541 1490 1615; baseline -0.001 -19"><span class='ocrx_word' id='word_1_60' title='bbox 431 1545 450 1570; x_wconf 75' lang='lat'><strong>‘⁶</strong></span> <span class='ocrx_word' id='word_1_61' title='bbox 472 1543 647 1598; x_wconf 85' lang='lat' dir='ltr'><strong>‘suistetus</strong></span> <span class='ocrx_word' id='word_1_62' title='bbox 665 1543 769 1615; x_wconf 89' lang='lat' dir='ltr'><strong>suique</strong></span> <span class='ocrx_word' id='word_1_63' title='bbox 787 1541 889 1614; x_wconf 90' lang='lat' dir='ltr'><strong>populi</strong></span> <span class='ocrx_word' id='word_1_64' title='bbox 915 1542 1080 1614; x_wconf 88' lang='lat' dir='ltr'><strong>pericnlum</strong></span> <span class='ocrx_word' id='word_1_65' title='bbox 1100 1541 1164 1614; x_wconf 83' lang='lat' dir='ltr'><strong>jem</strong></span> <span class='ocrx_word' id='word_1_66' title='bbox 1191 1541 1313 1608; x_wconf 84' lang='lat' dir='ltr'><strong>videnti,</strong></span> <span class='ocrx_word' id='word_1_67' title='bbox 1334 1541 1414 1598; x_wconf 82' lang='lat' dir='ltr'><strong>dicat</strong></span> <span class='ocrx_word' id='word_1_68' title='bbox 1437 1541 1490 1612; x_wconf 91' lang='lat' dir='ltr'><strong>qui</strong></span> 
     </span>
     <span class='ocr_line' id='line_1_9' title="bbox 430 1621 1484 1695; baseline -0.006 -11"><span class='ocrx_word' id='word_1_69' title='bbox 430 1625 449 1652; x_wconf 75' lang='lat'><strong>‘⁶</strong></span> <span class='ocrx_word' id='word_1_70' title='bbox 470 1624 615 1684; x_wconf 84' lang='lat' dir='ltr'><strong>‘noverit</strong></span> <span class='ocrx_word' id='word_1_71' title='bbox 670 1625 747 1695; x_wconf 83' lang='lat' dir='ltr'><strong>Quid</strong></span> <span class='ocrx_word' id='word_1_72' title='bbox 783 1642 842 1680; x_wconf 90' lang='lat' dir='ltr'><strong>non</strong></span> <span class='ocrx_word' id='word_1_73' title='bbox 877 1623 967 1682; x_wconf 79' lang='lat' dir='ltr'><strong>liceat</strong></span> <span class='ocrx_word' id='word_1_74' title='bbox 997 1623 1119 1690; x_wconf 90' lang='lat' dir='ltr'><strong>homiui,</strong></span> <span class='ocrx_word' id='word_1_75' title='bbox 1139 1624 1323 1682; x_wconf 86' lang='lat' dir='ltr'><strong>devitandis</strong></span> <span class='ocrx_word' id='word_1_76' title='bbox 1366 1621 1484 1694; x_wconf 77' lang='lat' dir='ltr'><strong>iniuriis</strong></span> 
     </span>
     <span class='ocr_line' id='line_1_10' title="bbox 431 1705 1487 1780; baseline -0.004 -16"><span class='ocrx_word' id='word_1_77' title='bbox 431 1712 453 1738; x_wconf 85' lang='lat'><strong>·‘</strong></span> <span class='ocrx_word' id='word_1_78' title='bbox 473 1707 688 1780; x_wconf 85' lang='lat' dir='ltr'><strong>‘dampnisque</strong></span> <span class='ocrx_word' id='word_1_79' title='bbox 730 1706 867 1774; x_wconf 73' lang='lat' dir='ltr'><strong>certanti,</strong></span> <span class='ocrx_word' id='word_1_80' title='bbox 912 1708 972 1762; x_wconf 94' lang='lat' dir='ltr'><strong>illis</strong></span> <span class='ocrx_word' id='word_1_81' title='bbox 1013 1707 1180 1780; x_wconf 66' lang='lat' dir='ltr'><strong>presertim</strong></span> <span class='ocrx_word' id='word_1_82' title='bbox 1223 1724 1289 1778; x_wconf 83' lang='lat' dir='ltr'><strong>quae</strong></span> <span class='ocrx_word' id='word_1_83' title='bbox 1337 1705 1374 1762; x_wconf 81' lang='lat' dir='ltr'><strong>sd</strong></span> <span class='ocrx_word' id='word_1_84' title='bbox 1415 1705 1487 1762; x_wconf 74' lang='lat' dir='ltr'><strong>vitre</strong></span> 
     </span>
     <span class='ocr_line' id='line_1_11' title="bbox 429 1789 1484 1863; baseline -0.004 -15"><span class='ocrx_word' id='word_1_85' title='bbox 429 1794 450 1821; x_wconf 80' lang='lat'><strong>‘⁸</strong></span> <span class='ocrx_word' id='word_1_86' title='bbox 473 1793 645 1863; x_wconf 72' lang='lat' dir='ltr'><strong>‘satoque</strong></span> <span class='ocrx_word' id='word_1_87' title='bbox 663 1791 779 1848; x_wconf 75' lang='lat' dir='ltr'><strong>radices</strong></span> <span class='ocrx_word' id='word_1_88' title='bbox 797 1790 924 1846; x_wconf 89' lang='lat' dir='ltr'><strong>securim</strong></span> <span class='ocrx_word' id='word_1_89' title='bbox 958 1807 1066 1862; x_wconf 89' lang='lat' dir='ltr'><strong>ponere</strong></span> <span class='ocrx_word' id='word_1_90' title='bbox 1092 1789 1318 1862; x_wconf 70' lang='lat' dir='ltr'><strong>properabunt?</strong></span> <span class='ocrx_word' id='word_1_91' title='bbox 1356 1789 1484 1845; x_wconf 86' lang='lat' dir='ltr'><strong>Levisne</strong></span> 
     </span>
     <span class='ocr_line' id='line_1_12' title="bbox 431 1873 1481 1946; baseline -0.001 -15"><span class='ocrx_word' id='word_1_92' title='bbox 431 1878 449 1902; x_wconf 81' lang='lat'><strong>‘⁶</strong></span> <span class='ocrx_word' id='word_1_93' title='bbox 472 1876 583 1931; x_wconf 91' lang='lat' dir='ltr'><strong>‘timor</strong></span> <span class='ocrx_word' id='word_1_94' title='bbox 608 1875 667 1931; x_wconf 90' lang='lat' dir='ltr'><strong>diei</strong></span> <span class='ocrx_word' id='word_1_95' title='bbox 685 1875 795 1946; x_wconf 86' lang='lat' dir='ltr'><strong>poterit</strong></span> <span class='ocrx_word' id='word_1_96' title='bbox 812 1881 865 1930; x_wconf 84' lang='lat' dir='ltr'><strong>eut</strong></span> <span class='ocrx_word' id='word_1_97' title='bbox 877 1891 980 1942; x_wconf 81' lang='lat' dir='ltr'><strong>vanus,</strong></span> <span class='ocrx_word' id='word_1_98' title='bbox 995 1875 1046 1946; x_wconf 87' lang='lat' dir='ltr'><strong>qui</strong></span> <span class='ocrx_word' id='word_1_99' title='bbox 1063 1891 1118 1946; x_wconf 88' lang='lat' dir='ltr'><strong>pro</strong></span> <span class='ocrx_word' id='word_1_100' title='bbox 1135 1875 1231 1940; x_wconf 85' lang='lat' dir='ltr'><strong>nobie,</strong></span> <span class='ocrx_word' id='word_1_101' title='bbox 1244 1875 1269 1930; x_wconf 88' lang='lat' dir='ltr'><strong>si</strong></span> <span class='ocrx_word' id='word_1_102' title='bbox 1281 1873 1400 1946; x_wconf 84' lang='lat' dir='ltr'><strong>potuit¹</strong></span> <span class='ocrx_word' id='word_1_103' title='bbox 1413 1891 1481 1930; x_wconf 88' lang='lat' dir='ltr'><strong>con·</strong></span> 
     </span>
     <span class='ocr_line' id='line_1_13' title="bbox 431 1956 1485 2029; baseline -0.002 -15"><span class='ocrx_word' id='word_1_104' title='bbox 431 1960 450 1986; x_wconf 86' lang='lat'><strong>“</strong></span> <span class='ocrx_word' id='word_1_105' title='bbox 472 1961 479 1986; x_wconf 84' lang='lat'><strong><em>⁶</em></strong></span> <span class='ocrx_word' id='word_1_106' title='bbox 491 1958 663 2028; x_wconf 87' lang='lat' dir='ltr'><strong>junctorum</strong></span> <span class='ocrx_word' id='word_1_107' title='bbox 696 1957 781 2013; x_wconf 86' lang='lat' dir='ltr'><strong>nobis</strong></span> <span class='ocrx_word' id='word_1_108' title='bbox 809 1957 973 2013; x_wconf 74' lang='lat' dir='ltr'><strong>illustrium</strong></span> <span class='ocrx_word' id='word_1_109' title='bbox 997 1956 1177 2029; x_wconf 84' lang='lat' dir='ltr'><strong>fortiumque</strong></span> <span class='ocrx_word' id='word_1_110' title='bbox 1202 1957 1368 2013; x_wconf 79' lang='lat' dir='ltr'><strong>constantis</strong></span> <span class='ocrx_word' id='word_1_111' title='bbox 1392 1956 1485 2012; x_wconf 85' lang='lat' dir='ltr'><strong>corde</strong></span> 
     </span>
     <span class='ocr_line' id='line_1_14' title="bbox 430 2041 1479 2113; baseline -0.002 -15"><span class='ocrx_word' id='word_1_112' title='bbox 430 2045 448 2068; x_wconf 92' lang='lat'>“</span> <span class='ocrx_word' id='word_1_113' title='bbox 472 2043 656 2107; x_wconf 67' lang='lat' dir='ltr'><strong>‘concutere</strong></span> <span class='ocrx_word' id='word_1_114' title='bbox 677 2041 790 2098; x_wconf 83' lang='lat' dir='ltr'><strong>multo⁵</strong></span> <span class='ocrx_word' id='word_1_115' title='bbox 808 2041 913 2096; x_wconf 88' lang='lat' dir='ltr'><strong>lortius</strong></span> <span class='ocrx_word' id='word_1_116' title='bbox 938 2041 1040 2096; x_wconf 88' lang='lat' dir='ltr'><strong>debuit</strong></span> <span class='ocrx_word' id='word_1_117' title='bbox 1057 2041 1148 2097; x_wconf 85' lang='lat' dir='ltr'><strong>etiem</strong></span> <span class='ocrx_word' id='word_1_118' title='bbox 1178 2058 1232 2098; x_wconf 87' lang='lat' dir='ltr'><strong>nos</strong></span> <span class='ocrx_word' id='word_1_119' title='bbox 1261 2045 1384 2109; x_wconf 87' lang='lat' dir='ltr'><strong>terrere,</strong></span> <span class='ocrx_word' id='word_1_120' title='bbox 1404 2057 1479 2113; x_wconf 92' lang='lat' dir='ltr'><strong>quos</strong></span> 
     </span>
     <span class='ocr_line' id='line_1_15' title="bbox 430 2124 1490 2196; baseline 0 -16"><span class='ocrx_word' id='word_1_121' title='bbox 430 2127 449 2155; x_wconf 87' lang='lat'><strong>“</strong></span> <span class='ocrx_word' id='word_1_122' title='bbox 472 2124 591 2182; x_wconf 70' lang='lat' dir='ltr'><strong>‘solos‘</strong></span> <span class='ocrx_word' id='word_1_123' title='bbox 628 2125 827 2196; x_wconf 74' lang='lat' dir='ltr'><strong>periculorum</strong></span> <span class='ocrx_word' id='word_1_124' title='bbox 867 2130 1009 2196; x_wconf 86' lang='lat' dir='ltr'><strong>concepta</strong></span> <span class='ocrx_word' id='word_1_125' title='bbox 1051 2124 1205 2180; x_wconf 81' lang='lat' dir='ltr'><strong>molimine</strong></span> <span class='ocrx_word' id='word_1_126' title='bbox 1246 2124 1490 2181; x_wconf 78' lang='lat' dir='ltr'><strong>concernebsmtl¹</strong></span> 
     </span>
     <span class='ocr_line' id='line_1_16' title="bbox 428 2204 1480 2280; baseline 0 -18"><span class='ocrx_word' id='word_1_127' title='bbox 428 2209 449 2235; x_wconf 76' lang='lat'><strong>‘⁶</strong></span> <span class='ocrx_word' id='word_1_128' title='bbox 470 2207 616 2278; x_wconf 85' lang='lat' dir='ltr'><strong>‘Propter</strong></span> <span class='ocrx_word' id='word_1_129' title='bbox 628 2209 683 2262; x_wconf 91' lang='lat' dir='ltr'><strong>hoo</strong></span> <span class='ocrx_word' id='word_1_130' title='bbox 700 2207 802 2280; x_wconf 82' lang='lat' dir='ltr'><strong>igitur,</strong></span> <span class='ocrx_word' id='word_1_131' title='bbox 816 2204 939 2264; x_wconf 83' lang='lat' dir='ltr'><strong>neturs⁷</strong></span> <span class='ocrx_word' id='word_1_132' title='bbox 957 2206 1096 2273; x_wconf 86' lang='lat' dir='ltr'><strong>dictante,</strong></span> <span class='ocrx_word' id='word_1_133' title='bbox 1112 2205 1183 2263; x_wconf 80' lang='lat' dir='ltr'><strong>facti</strong></span> <span class='ocrx_word' id='word_1_134' title='bbox 1197 2213 1258 2264; x_wconf 83' lang='lat' dir='ltr'><strong>tem</strong></span> <span class='ocrx_word' id='word_1_135' title='bbox 1276 2207 1372 2263; x_wconf 81' lang='lat' dir='ltr'><strong>nostri</strong></span> <span class='ocrx_word' id='word_1_136' title='bbox 1390 2224 1480 2278; x_wconf 83' lang='lat' dir='ltr'><strong>quom</strong></span> 
     </span>
     <span class='ocr_line' id='line_1_17' title="bbox 431 2290 1487 2360; baseline 0 -14"><span class='ocrx_word' id='word_1_137' title='bbox 431 2292 449 2320; x_wconf 84' lang='lat'><strong>‘⁸</strong></span> <span class='ocrx_word' id='word_1_138' title='bbox 472 2293 660 2348; x_wconf 87' lang='lat' dir='ltr'><strong>‘nostrorum</strong></span> <span class='ocrx_word' id='word_1_139' title='bbox 684 2290 799 2360; x_wconf 88' lang='lat' dir='ltr'><strong>jurium</strong></span> <span class='ocrx_word' id='word_1_140' title='bbox 834 2309 891 2347; x_wconf 89' lang='lat' dir='ltr'><strong>non</strong></span> <span class='ocrx_word' id='word_1_141' title='bbox 918 2291 1080 2348; x_wconf 83' lang='lat' dir='ltr'><strong>voluntarii</strong></span> <span class='ocrx_word' id='word_1_142' title='bbox 1117 2291 1169 2348; x_wconf 88' lang='lat' dir='ltr'><strong>sed</strong></span> <span class='ocrx_word' id='word_1_143' title='bbox 1203 2291 1360 2351; x_wconf 84' lang='lat' dir='ltr'><strong>necessarii</strong></span> <span class='ocrx_word' id='word_1_144' title='bbox 1387 2292 1487 2348; x_wconf 84' lang='lat' dir='ltr'><strong>delen-</strong></span> 
     </span>
     <span class='ocr_line' id='line_1_18' title="bbox 430 2375 1490 2447; baseline -0.001 -17"><span class='ocrx_word' id='word_1_145' title='bbox 430 2377 449 2402; x_wconf 85' lang='lat'><strong>‘·</strong></span> <span class='ocrx_word' id='word_1_146' title='bbox 471 2377 581 2441; x_wconf 65' lang='lat' dir='ltr'><strong>‘sores</strong></span> <span class='ocrx_word' id='word_1_147' title='bbox 611 2391 645 2430; x_wconf 84' lang='lat' dir='ltr'><strong>eo</strong></span> <span class='ocrx_word' id='word_1_148' title='bbox 681 2375 856 2446; x_wconf 77' lang='lat' dir='ltr'><strong>opportunis</strong></span> <span class='ocrx_word' id='word_1_149' title='bbox 886 2375 1071 2432; x_wconf 77' lang='lat' dir='ltr'><strong>cautionibus</strong></span> <span class='ocrx_word' id='word_1_150' title='bbox 1101 2375 1410 2447; x_wconf 75' lang='lat' dir='ltr'><strong>attendentes,¹juxta</strong></span> <span class='ocrx_word' id='word_1_151' title='bbox 1444 2375 1490 2431; x_wconf 89' lang='lat' dir='ltr'><strong>rei</strong></span> 
     </span>
     <span class='ocr_line' id='line_1_19' title="bbox 430 2458 1489 2533; baseline 0 -19"><span class='ocrx_word' id='word_1_152' title='bbox 430 2459 449 2486; x_wconf 80' lang='lat'>‘¹</span> <span class='ocrx_word' id='word_1_153' title='bbox 471 2458 635 2514; x_wconf 76' lang='lat' dir='ltr'><strong>‘militaris</strong></span> <span class='ocrx_word' id='word_1_154' title='bbox 658 2459 837 2517; x_wconf 79' lang='lat' dir='ltr'><strong>documento</strong></span> <span class='ocrx_word' id='word_1_155' title='bbox 865 2459 988 2530; x_wconf 80' lang='lat' dir='ltr'><strong>probsts</strong></span> <span class='ocrx_word' id='word_1_156' title='bbox 1012 2459 1173 2516; x_wconf 81' lang='lat' dir='ltr'><strong>illustrium</strong></span> <span class='ocrx_word' id='word_1_157' title='bbox 1192 2458 1388 2533; x_wconf 82' lang='lat' dir='ltr'><strong>antiquorum,</strong></span> <span class='ocrx_word' id='word_1_158' title='bbox 1408 2460 1489 2531; x_wconf 87' lang='lat' dir='ltr'><strong>quod</strong></span> 
     </span>
     <span class='ocr_line' id='line_1_20' title="bbox 431 2541 1485 2616; baseline 0 -18"><span class='ocrx_word' id='word_1_159' title='bbox 431 2544 449 2570; x_wconf 78' lang='lat'><strong>‘⁶</strong></span> <span class='ocrx_word' id='word_1_160' title='bbox 471 2542 635 2614; x_wconf 70' lang='lat' dir='ltr'><strong>‘potentin</strong></span> <span class='ocrx_word' id='word_1_161' title='bbox 652 2541 789 2614; x_wconf 76' lang='lat' dir='ltr'><strong>megnae¹</strong></span> <span class='ocrx_word' id='word_1_162' title='bbox 813 2542 945 2614; x_wconf 85' lang='lat' dir='ltr'><strong>pericula</strong></span> <span class='ocrx_word' id='word_1_163' title='bbox 963 2542 1131 2614; x_wconf 73' lang='lat' dir='ltr'><strong>conspirate</strong></span> <span class='ocrx_word' id='word_1_164' title='bbox 1153 2543 1346 2614; x_wconf 81' lang='lat' dir='ltr'><strong>periculosius</strong></span> <span class='ocrx_word' id='word_1_165' title='bbox 1369 2559 1485 2616; x_wconf 85' lang='lat' dir='ltr'><strong>exspec-</strong></span> 
     </span>
     <span class='ocr_line' id='line_1_21' title="bbox 429 2624 1487 2697; baseline 0.002 -17"><span class='ocrx_word' id='word_1_166' title='bbox 429 2628 448 2655; x_wconf 87' lang='lat'><strong>“</strong></span> <span class='ocrx_word' id='word_1_167' title='bbox 471 2627 600 2692; x_wconf 63' lang='lat' dir='ltr'><strong>‘tantun</strong></span> <span class='ocrx_word' id='word_1_168' title='bbox 620 2626 652 2680; x_wconf 90' lang='lat' dir='ltr'><strong>in</strong></span> <span class='ocrx_word' id='word_1_169' title='bbox 680 2625 829 2682; x_wconf 81' lang='lat' dir='ltr'><strong>laboribus</strong></span> <span class='ocrx_word' id='word_1_170' title='bbox 837 2625 857 2658; x_wconf 87' lang='lat'><strong>¹¹</strong></span> <span class='ocrx_word' id='word_1_171' title='bbox 874 2624 935 2681; x_wconf 90' lang='lat' dir='ltr'><strong>illis</strong></span> <span class='ocrx_word' id='word_1_172' title='bbox 964 2642 1059 2697; x_wconf 83' lang='lat' dir='ltr'><strong>nuper</strong></span> <span class='ocrx_word' id='word_1_173' title='bbox 1093 2626 1281 2683; x_wconf 86' lang='lat' dir='ltr'><strong>currentibus</strong></span> <span class='ocrx_word' id='word_1_174' title='bbox 1310 2625 1348 2682; x_wconf 85' lang='lat' dir='ltr'><strong>ed</strong></span> <span class='ocrx_word' id='word_1_175' title='bbox 1377 2631 1487 2684; x_wconf 84' lang='lat' dir='ltr'><strong>nostroe</strong></span> 
     </span>
     <span class='ocr_line' id='line_1_22' title="bbox 429 2708 1486 2775; baseline -0.001 -9"><span class='ocrx_word' id='word_1_176' title='bbox 429 2711 447 2738; x_wconf 76' lang='lat'><strong>‘⁶</strong></span> <span class='ocrx_word' id='word_1_177' title='bbox 470 2709 566 2766; x_wconf 83' lang='lat' dir='ltr'><strong>‘lucis</strong></span> <span class='ocrx_word' id='word_1_178' title='bbox 584 2716 615 2766; x_wconf 88' lang='lat' dir='ltr'><strong>et</strong></span> <span class='ocrx_word' id='word_1_179' title='bbox 632 2710 738 2765; x_wconf 81' lang='lat' dir='ltr'><strong>solutis</strong></span> <span class='ocrx_word' id='word_1_180' title='bbox 756 2727 891 2768; x_wconf 61' lang='lat' dir='ltr'><strong>ocenum</strong></span> <span class='ocrx_word' id='word_1_181' title='bbox 916 2708 1080 2766; x_wconf 86' lang='lat' dir='ltr'><strong>consultius</strong></span> <span class='ocrx_word' id='word_1_182' title='bbox 1106 2709 1241 2766; x_wconf 84' lang='lat' dir='ltr'><strong>venimus</strong></span> <span class='ocrx_word' id='word_1_183' title='bbox 1270 2709 1303 2766; x_wconf 87' lang='lat' dir='ltr'><strong>in</strong></span> <span class='ocrx_word' id='word_1_184' title='bbox 1321 2727 1486 2775; x_wconf 85' lang='lat' dir='ltr'><strong>occursum,</strong></span> 
     </span>
     <span class='ocr_line' id='line_1_23' title="bbox 431 2792 1486 2864; baseline -0.002 -16"><span class='ocrx_word' id='word_1_185' title='bbox 431 2795 448 2820; x_wconf 81' lang='lat'>‘¹</span> <span class='ocrx_word' id='word_1_186' title='bbox 470 2795 529 2848; x_wconf 91' lang='lat' dir='ltr'><strong>‘ne</strong></span> <span class='ocrx_word' id='word_1_187' title='bbox 558 2798 659 2850; x_wconf 85' lang='lat' dir='ltr'><strong>contre</strong></span> <span class='ocrx_word' id='word_1_188' title='bbox 693 2810 746 2848; x_wconf 88' lang='lat' dir='ltr'><strong>nos</strong></span> <span class='ocrx_word' id='word_1_189' title='bbox 782 2793 857 2848; x_wconf 88' lang='lat' dir='ltr'><strong>lorte</strong></span> <span class='ocrx_word' id='word_1_190' title='bbox 885 2793 1090 2850; x_wconf 83' lang='lat' dir='ltr'><strong>discriminoso</strong></span> <span class='ocrx_word' id='word_1_191' title='bbox 1120 2792 1326 2864; x_wconf 82' lang='lat' dir='ltr'><strong>procederent,</strong></span> <span class='ocrx_word' id='word_1_192' title='bbox 1353 2792 1408 2850; x_wconf 89' lang='lat' dir='ltr'><strong>sed</strong></span> <span class='ocrx_word' id='word_1_193' title='bbox 1438 2793 1486 2848; x_wconf 87' lang='lat' dir='ltr'><strong>sui</strong></span> 
     </span>
     <span class='ocr_line' id='line_1_24' title="bbox 429 2875 1565 2948; baseline -0.002 -16"><span class='ocrx_word' id='word_1_194' title='bbox 429 2877 449 2902; x_wconf 89' lang='grc'>“</span> <span class='ocrx_word' id='word_1_195' title='bbox 471 2879 573 2934; x_wconf 71' lang='lat' dir='ltr'><strong>‘omns</strong></span> <span class='ocrx_word' id='word_1_196' title='bbox 603 2876 856 2948; x_wconf 78' lang='lat' dir='ltr'><strong>praefocarentur¹¹</strong></span> <span class='ocrx_word' id='word_1_197' title='bbox 876 2875 907 2932; x_wconf 92' lang='lat' dir='ltr'><strong>in</strong></span> <span class='ocrx_word' id='word_1_198' title='bbox 925 2877 999 2943; x_wconf 89' lang='lat' dir='ltr'><strong>loco,</strong></span> <span class='ocrx_word' id='word_1_199' title='bbox 1021 2877 1141 2933; x_wconf 87' lang='lat' dir='ltr'><strong>illorum</strong></span> <span class='ocrx_word' id='word_1_200' title='bbox 1170 2876 1241 2932; x_wconf 82' lang='lat' dir='ltr'><strong>freti</strong></span> <span class='ocrx_word' id='word_1_201' title='bbox 1288 2876 1413 2932; x_wconf 89' lang='lat' dir='ltr'><strong>consilio</strong></span> <span class='ocrx_word' id='word_1_202' title='bbox 1452 2881 1483 2931; x_wconf 90' lang='lat' dir='ltr'><strong>et</strong></span> <span class='ocrx_word' id='word_1_203' title='bbox 1563 2899 1565 2906; x_wconf 57' lang='lat'>¹</span> 
     </span>
     <span class='ocr_line' id='line_1_25' title="bbox 430 2959 1484 3030; baseline 0 -16"><span class='ocrx_word' id='word_1_204' title='bbox 430 2960 448 2986; x_wconf 83' lang='lat'>‘¹</span> <span class='ocrx_word' id='word_1_205' title='bbox 469 2959 599 3016; x_wconf 76' lang='lat' dir='ltr'><strong>‘auxilio</strong></span> <span class='ocrx_word' id='word_1_206' title='bbox 617 2959 701 3015; x_wconf 85' lang='lat' dir='ltr'><strong>nobis</strong></span> <span class='ocrx_word' id='word_1_207' title='bbox 720 2959 852 3030; x_wconf 64' lang='lat' dir='ltr'><strong>proeletm</strong></span> <span class='ocrx_word' id='word_1_208' title='bbox 866 2976 939 3030; x_wconf 87' lang='lat' dir='ltr'><strong>quos</strong></span> <span class='ocrx_word' id='word_1_209' title='bbox 957 2959 1041 3016; x_wconf 88' lang='lat' dir='ltr'><strong>nobis</strong></span> <span class='ocrx_word' id='word_1_210' title='bbox 1053 2959 1292 3029; x_wconf 80' lang='lat' dir='ltr'><strong>consanguinitas</strong></span> <span class='ocrx_word' id='word_1_211' title='bbox 1309 2965 1340 3014; x_wconf 89' lang='lat' dir='ltr'><strong>et</strong></span> <span class='ocrx_word' id='word_1_212' title='bbox 1357 2959 1484 3016; x_wconf 81' lang='lat' dir='ltr'><strong>affinitas</strong></span> 
     </span>
     <span class='ocr_line' id='line_1_26' title="bbox 429 3041 1485 3114; baseline 0 -18"><span class='ocrx_word' id='word_1_213' title='bbox 429 3045 447 3069; x_wconf 82' lang='lat'><strong>‘⁶</strong></span> <span class='ocrx_word' id='word_1_214' title='bbox 470 3041 689 3114; x_wconf 80' lang='lat' dir='ltr'><strong>‘conjungebat</strong></span> <span class='ocrx_word' id='word_1_215' title='bbox 707 3041 792 3098; x_wconf 83' lang='lat' dir='ltr'><strong>etad</strong></span> <span class='ocrx_word' id='word_1_216' title='bbox 811 3059 884 3114; x_wconf 90' lang='lat' dir='ltr'><strong>qnos</strong></span> <span class='ocrx_word' id='word_1_217' title='bbox 912 3041 1001 3097; x_wconf 89' lang='lat' dir='ltr'><strong>simul</strong></span> <span class='ocrx_word' id='word_1_218' title='bbox 1028 3041 1180 3113; x_wconf 78' lang='lat' dir='ltr'><strong>spectabat</strong></span> <span class='ocrx_word' id='word_1_219' title='bbox 1188 3041 1207 3074; x_wconf 82' lang='lat'>¹²</span> <span class='ocrx_word' id='word_1_220' title='bbox 1224 3041 1381 3099; x_wconf 90' lang='lat' dir='ltr'><strong>nobiscum</strong></span> <span class='ocrx_word' id='word_1_221' title='bbox 1406 3043 1485 3113; x_wconf 89' lang='lat' dir='ltr'><strong>peri·</strong></span> 
     </span>
     <span class='ocr_line' id='line_1_27' title="bbox 430 3124 1488 3196; baseline -0.002 -16"><span class='ocrx_word' id='word_1_222' title='bbox 430 3126 447 3152; x_wconf 80' lang='lat'><strong>‘⁸</strong></span> <span class='ocrx_word' id='word_1_223' title='bbox 470 3125 566 3180; x_wconf 91' lang='lat' dir='ltr'><strong>‘culis</strong></span> <span class='ocrx_word' id='word_1_224' title='bbox 594 3131 702 3180; x_wconf 84' lang='lat' dir='ltr'><strong>nostres</strong></span> <span class='ocrx_word' id='word_1_225' title='bbox 729 3124 939 3182; x_wconf 86' lang='lat' dir='ltr'><strong>destructionis</strong></span> <span class='ocrx_word' id='word_1_226' title='bbox 964 3141 1115 3181; x_wconf 89' lang='lat' dir='ltr'><strong>occurrere</strong></span> <span class='ocrx_word' id='word_1_227' title='bbox 1154 3125 1264 3196; x_wconf 80' lang='lat' dir='ltr'><strong>illeque</strong></span> <span class='ocrx_word' id='word_1_228' title='bbox 1300 3125 1431 3182; x_wconf 89' lang='lat' dir='ltr'><strong>consiliis</strong></span> <span class='ocrx_word' id='word_1_229' title='bbox 1459 3129 1488 3180; x_wconf 92' lang='lat' dir='ltr'><strong>et</strong></span> 
     </span>
     <span class='ocr_line' id='line_1_28' title="bbox 428 3208 1485 3282; baseline -0.002 -16"><span class='ocrx_word' id='word_1_230' title='bbox 428 3211 447 3236; x_wconf 81' lang='lat'><strong>‘⁶</strong></span> <span class='ocrx_word' id='word_1_231' title='bbox 469 3209 607 3266; x_wconf 81' lang='lat' dir='ltr'><strong>‘suxssiis</strong></span> <span class='ocrx_word' id='word_1_232' title='bbox 631 3225 814 3282; x_wconf 67' lang='lat' dir='ltr'><strong>praeessem</strong></span> <span class='ocrx_word' id='word_1_233' title='bbox 834 3214 975 3280; x_wconf 88' lang='lat' dir='ltr'><strong>ponentes</strong></span> <span class='ocrx_word' id='word_1_234' title='bbox 984 3208 1004 3242; x_wconf 83' lang='lat'><strong>¹¹</strong></span> <span class='ocrx_word' id='word_1_235' title='bbox 1021 3213 1083 3266; x_wconf 80' lang='lat' dir='ltr'><strong>tum</strong></span> <span class='ocrx_word' id='word_1_236' title='bbox 1092 3209 1111 3242; x_wconf 89' lang='lat'><strong>¹¹</strong></span> <span class='ocrx_word' id='word_1_237' title='bbox 1125 3209 1157 3264; x_wconf 90' lang='lat' dir='ltr'><strong>in</strong></span> <span class='ocrx_word' id='word_1_238' title='bbox 1184 3227 1274 3266; x_wconf 82' lang='lat' dir='ltr'><strong>moun</strong></span> <span class='ocrx_word' id='word_1_239' title='bbox 1308 3209 1375 3276; x_wconf 90' lang='lat' dir='ltr'><strong>Dei,</strong></span> <span class='ocrx_word' id='word_1_240' title='bbox 1398 3225 1485 3281; x_wconf 85' lang='lat' dir='ltr'><strong>quam</strong></span> 
     </span>
     <span class='ocr_line' id='line_1_29' title="bbox 429 3292 1485 3364; baseline 0 -18"><span class='ocrx_word' id='word_1_241' title='bbox 429 3295 446 3319; x_wconf 90' lang='lat'><strong>“</strong></span> <span class='ocrx_word' id='word_1_242' title='bbox 468 3293 521 3350; x_wconf 87' lang='lat' dir='ltr'><strong>‘iu</strong></span> <span class='ocrx_word' id='word_1_243' title='bbox 539 3293 675 3349; x_wconf 81' lang='lat' dir='ltr'><strong>munibus</strong></span> <span class='ocrx_word' id='word_1_244' title='bbox 694 3293 863 3364; x_wconf 70' lang='lat' dir='ltr'><strong>apostolicos</strong></span> <span class='ocrx_word' id='word_1_245' title='bbox 882 3292 960 3348; x_wconf 88' lang='lat' dir='ltr'><strong>sedis</strong></span> <span class='ocrx_word' id='word_1_246' title='bbox 979 3295 1095 3358; x_wconf 78' lang='lat' dir='ltr'><strong>vestrae,</strong></span> <span class='ocrx_word' id='word_1_247' title='bbox 1115 3292 1164 3349; x_wconf 88' lang='lat' dir='ltr'><strong>vel</strong></span> <span class='ocrx_word' id='word_1_248' title='bbox 1192 3293 1318 3348; x_wconf 80' lang='lat' dir='ltr'><strong>eliorum</strong></span> <span class='ocrx_word' id='word_1_249' title='bbox 1342 3293 1485 3348; x_wconf 88' lang='lat' dir='ltr'><strong>bonorum</strong></span> 
     </span>
     <span class='ocr_line' id='line_1_30' title="bbox 427 3373 1482 3448; baseline 0.002 -18"><span class='ocrx_word' id='word_1_250' title='bbox 427 3377 446 3402; x_wconf 89' lang='lat'>“</span> <span class='ocrx_word' id='word_1_251' title='bbox 467 3379 474 3403; x_wconf 82' lang='lat'><strong><em>⁶</em></strong></span> <span class='ocrx_word' id='word_1_252' title='bbox 489 3375 619 3434; x_wconf 85' lang='lat' dir='ltr'><strong>virorum</strong></span> <span class='ocrx_word' id='word_1_253' title='bbox 632 3376 841 3441; x_wconf 88' lang='lat' dir='ltr'><strong>communium,</strong></span> <span class='ocrx_word' id='word_1_254' title='bbox 856 3394 964 3448; x_wconf 89' lang='lat' dir='ltr'><strong>ponere</strong></span> <span class='ocrx_word' id='word_1_255' title='bbox 977 3376 1125 3448; x_wconf 79' lang='lat' dir='ltr'><strong>quondum</strong></span> <span class='ocrx_word' id='word_1_256' title='bbox 1133 3375 1152 3408; x_wconf 88' lang='lat'>¹⁵</span> <span class='ocrx_word' id='word_1_257' title='bbox 1170 3376 1328 3443; x_wconf 84' lang='lat' dir='ltr'><strong>voluimus,</strong></span> <span class='ocrx_word' id='word_1_258' title='bbox 1339 3373 1482 3446; x_wconf 86' lang='lat' dir='ltr'><strong>justifica·</strong></span> 
     </span>
     <span class='ocr_line' id='line_1_31' title="bbox 428 3458 1478 3531; baseline -0.003 -15"><span class='ocrx_word' id='word_1_259' title='bbox 428 3460 446 3486; x_wconf 88' lang='lat'>“</span> <span class='ocrx_word' id='word_1_260' title='bbox 468 3461 560 3526; x_wconf 80' lang='lat' dir='ltr'><strong>‘tsm,</strong></span> <span class='ocrx_word' id='word_1_261' title='bbox 580 3477 668 3531; x_wconf 83' lang='lat' dir='ltr'><strong>quum</strong></span> <span class='ocrx_word' id='word_1_262' title='bbox 687 3458 848 3530; x_wconf 82' lang='lat' dir='ltr'><strong>petimus,¹⁶</strong></span> <span class='ocrx_word' id='word_1_263' title='bbox 866 3477 984 3516; x_wconf 84' lang='lat' dir='ltr'><strong>oensem</strong></span> <span class='ocrx_word' id='word_1_264' title='bbox 1003 3465 1145 3522; x_wconf 80' lang='lat' dir='ltr'><strong>nostram,</strong></span> <span class='ocrx_word' id='word_1_265' title='bbox 1164 3465 1198 3518; x_wconf 88' lang='lat' dir='ltr'><strong>ut</strong></span> <span class='ocrx_word' id='word_1_266' title='bbox 1216 3461 1295 3531; x_wconf 89' lang='lat' dir='ltr'><strong>Ipse,</strong></span> <span class='ocrx_word' id='word_1_267' title='bbox 1315 3463 1429 3518; x_wconf 88' lang='lat' dir='ltr'><strong>rectum</strong></span> <span class='ocrx_word' id='word_1_268' title='bbox 1444 3477 1478 3514; x_wconf 86' lang='lat' dir='ltr'><strong>er</strong></span> 
     </span>
     <span class='ocr_line' id='line_1_32' title="bbox 425 3541 1479 3616; baseline -0.003 -16"><span class='ocrx_word' id='word_1_269' title='bbox 425 3544 445 3570; x_wconf 89' lang='grc'>“</span> <span class='ocrx_word' id='word_1_270' title='bbox 465 3541 576 3600; x_wconf 80' lang='lat' dir='ltr'><strong>‘slt0¹¹</strong></span> <span class='ocrx_word' id='word_1_271' title='bbox 592 3545 783 3616; x_wconf 87' lang='lat' dir='ltr'><strong>prospiciens,</strong></span> <span class='ocrx_word' id='word_1_272' title='bbox 803 3546 980 3601; x_wconf 85' lang='lat' dir='ltr'><strong>sententiam</strong></span> <span class='ocrx_word' id='word_1_273' title='bbox 995 3542 1109 3614; x_wconf 83' lang='lat' dir='ltr'><strong>juetam</strong></span> <span class='ocrx_word' id='word_1_274' title='bbox 1126 3545 1202 3602; x_wconf 85' lang='lat' dir='ltr'><strong>leret</strong></span> <span class='ocrx_word' id='word_1_275' title='bbox 1221 3545 1301 3602; x_wconf 87' lang='lat' dir='ltr'><strong>etin</strong></span> <span class='ocrx_word' id='word_1_276' title='bbox 1320 3545 1365 3600; x_wconf 89' lang='lat' dir='ltr'><strong>sui</strong></span> <span class='ocrx_word' id='word_1_277' title='bbox 1385 3543 1479 3616; x_wconf 83' lang='lat' dir='ltr'><strong>gladii</strong></span> 
     </span>
     <span class='ocr_line' id='line_1_33' title="bbox 425 3625 1480 3701; baseline -0.001 -19"><span class='ocrx_word' id='word_1_278' title='bbox 425 3626 444 3652; x_wconf 91' lang='grc'>“</span> <span class='ocrx_word' id='word_1_279' title='bbox 465 3625 598 3683; x_wconf 86' lang='lat' dir='ltr'><strong>‘viribus</strong></span> <span class='ocrx_word' id='word_1_280' title='bbox 617 3631 800 3698; x_wconf 81' lang='lat' dir='ltr'><strong>exsequatur.</strong></span> <span class='ocrx_word' id='word_1_281' title='bbox 837 3627 899 3686; x_wconf 84' lang='lat' dir='ltr'><strong>Noc</strong></span> <span class='ocrx_word' id='word_1_282' title='bbox 918 3627 1076 3696; x_wconf 90' lang='lat' dir='ltr'><strong>oredimus,</strong></span> <span class='ocrx_word' id='word_1_283' title='bbox 1097 3629 1173 3684; x_wconf 87' lang='lat' dir='ltr'><strong>ulmo</strong></span> <span class='ocrx_word' id='word_1_284' title='bbox 1200 3633 1295 3701; x_wconf 85' lang='lat' dir='ltr'><strong>peter,</strong></span> <span class='ocrx_word' id='word_1_285' title='bbox 1314 3626 1393 3700; x_wconf 91' lang='lat' dir='ltr'><strong>quod</strong></span> <span class='ocrx_word' id='word_1_286' title='bbox 1404 3627 1480 3685; x_wconf 83' lang='lat' dir='ltr'><strong>erbi-</strong></span> 
     </span>
     <span class='ocr_line' id='line_1_34' title="bbox 425 3709 1479 3786; baseline -0.001 -21"><span class='ocrx_word' id='word_1_287' title='bbox 425 3709 443 3736; x_wconf 86' lang='lat'><strong>“</strong></span> <span class='ocrx_word' id='word_1_288' title='bbox 466 3711 473 3736; x_wconf 92' lang='lat'>‘</span> <span class='ocrx_word' id='word_1_289' title='bbox 488 3715 533 3765; x_wconf 87' lang='lat' dir='ltr'><strong>ter</strong></span> <span class='ocrx_word' id='word_1_290' title='bbox 544 3709 641 3780; x_wconf 83' lang='lat' dir='ltr'><strong>quiris</strong></span> <span class='ocrx_word' id='word_1_291' title='bbox 658 3717 756 3768; x_wconf 87' lang='lat' dir='ltr'><strong>rectus</strong></span> <span class='ocrx_word' id='word_1_292' title='bbox 768 3711 815 3766; x_wconf 84' lang='lat' dir='ltr'><strong>vel</strong></span> <span class='ocrx_word' id='word_1_293' title='bbox 827 3711 916 3766; x_wconf 83' lang='lat' dir='ltr'><strong>etism</strong></span> <span class='ocrx_word' id='word_1_294' title='bbox 932 3709 1024 3780; x_wconf 85' lang='lat' dir='ltr'><strong>judex</strong></span> <span class='ocrx_word' id='word_1_295' title='bbox 1032 3712 1131 3786; x_wconf 83' lang='lat' dir='ltr'><strong>justus</strong></span> <span class='ocrx_word' id='word_1_296' title='bbox 1143 3711 1186 3768; x_wconf 88' lang='lat' dir='ltr'><strong>sic</strong></span> <span class='ocrx_word' id='word_1_297' title='bbox 1199 3709 1413 3784; x_wconf 85' lang='lat' dir='ltr'><strong>interpretetur</strong></span> <span class='ocrx_word' id='word_1_298' title='bbox 1426 3715 1479 3765; x_wconf 83' lang='lat' dir='ltr'><strong>sut</strong></span> 
     </span>
     <span class='ocr_line' id='line_1_35' title="bbox 424 3792 1484 3868; baseline 0.001 -20"><span class='ocrx_word' id='word_1_299' title='bbox 424 3793 444 3818; x_wconf 80' lang='lat'><strong>&#39;⁶</strong></span> <span class='ocrx_word' id='word_1_300' title='bbox 466 3795 623 3864; x_wconf 80' lang='lat' dir='ltr'><strong>‘torquent</strong></span> <span class='ocrx_word' id='word_1_301' title='bbox 639 3794 750 3850; x_wconf 83' lang='lat' dir='ltr'><strong>lectum</strong></span> <span class='ocrx_word' id='word_1_302' title='bbox 767 3797 909 3861; x_wconf 82' lang='lat' dir='ltr'><strong>nostrum,</strong></span> <span class='ocrx_word' id='word_1_303' title='bbox 927 3797 972 3862; x_wconf 86' lang='lat' dir='ltr'><strong>ut,</strong></span> <span class='ocrx_word' id='word_1_304' title='bbox 994 3795 1073 3866; x_wconf 90' lang='lat' dir='ltr'><strong>quod</strong></span> <span class='ocrx_word' id='word_1_305' title='bbox 1092 3813 1144 3868; x_wconf 88' lang='lat' dir='ltr'><strong>pro</strong></span> <span class='ocrx_word' id='word_1_306' title='bbox 1171 3801 1339 3852; x_wconf 86' lang='lat' dir='ltr'><strong>nostrorum</strong></span> <span class='ocrx_word' id='word_1_307' title='bbox 1357 3792 1484 3850; x_wconf 87' lang='lat' dir='ltr'><strong>tuitione</strong></span> 
     </span>
     <span class='ocr_line' id='line_1_36' title="bbox 425 3876 1482 3947; baseline 0.002 -16"><span class='ocrx_word' id='word_1_308' title='bbox 425 3877 444 3904; x_wconf 83' lang='lat'><strong>‘⁴</strong></span> <span class='ocrx_word' id='word_1_309' title='bbox 466 3877 517 3931; x_wconf 84' lang='lat' dir='ltr'><strong>‘et</strong></span> <span class='ocrx_word' id='word_1_310' title='bbox 534 3877 713 3932; x_wconf 79' lang='lat' dir='ltr'><strong>assecutione</strong></span> <span class='ocrx_word' id='word_1_311' title='bbox 727 3876 840 3947; x_wconf 84' lang='lat' dir='ltr'><strong>jurium</strong></span> <span class='ocrx_word' id='word_1_312' title='bbox 859 3881 889 3932; x_wconf 87' lang='lat' dir='ltr'><strong>et</strong></span> <span class='ocrx_word' id='word_1_313' title='bbox 906 3877 938 3931; x_wconf 92' lang='lat' dir='ltr'><strong>in</strong></span> <span class='ocrx_word' id='word_1_314' title='bbox 962 3883 1045 3933; x_wconf 86' lang='lat' dir='ltr'><strong>teuto</strong></span> <span class='ocrx_word' id='word_1_315' title='bbox 1062 3877 1232 3934; x_wconf 87' lang='lat' dir='ltr'><strong>discrimine</strong></span> <span class='ocrx_word' id='word_1_316' title='bbox 1262 3883 1393 3934; x_wconf 80' lang='lat' dir='ltr'><strong>nostrum</strong></span> <span class='ocrx_word' id='word_1_317' title='bbox 1411 3877 1482 3933; x_wconf 85' lang='lat' dir='ltr'><strong>leci-</strong></span> 
     </span>
    </p>
   </div>
   <div class='ocr_carea' id='block_1_3' title="bbox 433 4010 517 4022">
    <p class='ocr_par' dir='ltr' id='par_1_3' title="bbox 433 4010 517 4022">
     <span class='ocr_line' id='line_1_37' title="bbox 433 4010 517 4022; baseline 0 -1"><span class='ocrx_word' id='word_1_318' title='bbox 433 4010 517 4022; x_wconf 66' lang='lat' dir='ltr'>n—-u-</span> 
     </span>
    </p>
   </div>
   <div class='ocr_carea' id='block_1_4' title="bbox 455 4071 1485 4853">
    <p class='ocr_par' dir='ltr' id='par_1_4' title="bbox 457 4071 1485 4218">
     <span class='ocr_line' id='line_1_38' title="bbox 461 4071 1485 4140; baseline 0.005 -19"><span class='ocrx_word' id='word_1_319' title='bbox 461 4071 468 4104; x_wconf 96' lang='lat'>¹</span> <span class='ocrx_word' id='word_1_320' title='bbox 481 4071 594 4138; x_wconf 84' lang='lat' dir='ltr'><strong>animas]</strong></span> <span class='ocrx_word' id='word_1_321' title='bbox 610 4071 713 4136; x_wconf 70' lang='lat' dir='ltr'><strong>aliquid,</strong></span> <span class='ocrx_word' id='word_1_322' title='bbox 725 4073 760 4122; x_wconf 89' lang='lat' dir='ltr'><strong>H.</strong></span> <span class='ocrx_word' id='word_1_323' title='bbox 772 4073 805 4124; x_wconf 89' lang='lat' dir='ltr'><strong>A.</strong></span> <span class='ocrx_word' id='word_1_324' title='bbox 1015 4073 1033 4105; x_wconf 90' lang='lat'><strong>¹¹</strong></span> <span class='ocrx_word' id='word_1_325' title='bbox 1043 4073 1261 4140; x_wconf 74' lang='lat' dir='ltr'><strong>prostrarentur]</strong></span> <span class='ocrx_word' id='word_1_326' title='bbox 1277 4081 1485 4138; x_wconf 77' lang='lat' dir='ltr'><strong>provocarentur,</strong></span> 
     </span>
     <span class='ocr_line' id='line_1_39' title="bbox 457 4149 1060 4218; baseline 0.003 -18"><span class='ocrx_word' id='word_1_327' title='bbox 457 4151 618 4218; x_wconf 58' lang='grc' dir='ltr'><strong>πρνὲηοίριέ]</strong></span> <span class='ocrx_word' id='word_1_328' title='bbox 633 4149 757 4216; x_wconf 85' lang='lat' dir='ltr'><strong>princeps,</strong></span> <span class='ocrx_word' id='word_1_329' title='bbox 769 4151 804 4202; x_wconf 82' lang='lat' dir='ltr'><strong>H·</strong></span> <span class='ocrx_word' id='word_1_330' title='bbox 817 4150 851 4202; x_wconf 88' lang='lat' dir='ltr'><strong>A.</strong></span> <span class='ocrx_word' id='word_1_331' title='bbox 978 4153 1014 4202; x_wconf 91' lang='lat' dir='ltr'><strong>H.</strong></span> <span class='ocrx_word' id='word_1_332' title='bbox 1026 4151 1060 4202; x_wconf 99' lang='lat' dir='ltr'><strong>A.</strong></span> 
     </span>
    </p>

    <p class='ocr_par' dir='ltr' id='par_1_5' title="bbox 457 4231 1457 4456">
     <span class='ocr_line' id='line_1_40' title="bbox 457 4231 1457 4298; baseline 0.002 -17"><span class='ocrx_word' id='word_1_333' title='bbox 457 4231 604 4297; x_wconf 78' lang='lat' dir='ltr'><strong>¹potantia]</strong></span> <span class='ocrx_word' id='word_1_334' title='bbox 619 4231 766 4294; x_wconf 77' lang='lat' dir='ltr'><strong>potentium,</strong></span> <span class='ocrx_word' id='word_1_335' title='bbox 778 4231 812 4280; x_wconf 91' lang='lat' dir='ltr'><strong>H.</strong></span> <span class='ocrx_word' id='word_1_336' title='bbox 1011 4231 1030 4264; x_wconf 80' lang='lat'><strong>¹¹</strong></span> <span class='ocrx_word' id='word_1_337' title='bbox 1041 4232 1185 4298; x_wconf 77' lang='lat' dir='ltr'><strong>spectabat]</strong></span> <span class='ocrx_word' id='word_1_338' title='bbox 1201 4233 1360 4298; x_wconf 77' lang='lat' dir='ltr'><strong>spectabunt,</strong></span> <span class='ocrx_word' id='word_1_339' title='bbox 1373 4233 1408 4284; x_wconf 90' lang='lat' dir='ltr'><strong>H.</strong></span> <span class='ocrx_word' id='word_1_340' title='bbox 1422 4232 1457 4286; x_wconf 93' lang='lat' dir='ltr'><strong>A.</strong></span> 
     </span>
     <span class='ocr_line' id='line_1_41' title="bbox 457 4309 1363 4378; baseline 0.007 -20"><span class='ocrx_word' id='word_1_341' title='bbox 457 4310 502 4359; x_wconf 83' lang='lat' dir='ltr'><strong>¹si</strong></span> <span class='ocrx_word' id='word_1_342' title='bbox 510 4309 609 4374; x_wconf 78' lang='lat' dir='ltr'><strong>potuit]</strong></span> <span class='ocrx_word' id='word_1_343' title='bbox 625 4324 676 4360; x_wconf 90' lang='lat' dir='ltr'><strong>om.</strong></span> <span class='ocrx_word' id='word_1_344' title='bbox 687 4309 722 4358; x_wconf 90' lang='grc' dir='ltr'><strong>Η.</strong></span> <span class='ocrx_word' id='word_1_345' title='bbox 733 4310 766 4359; x_wconf 90' lang='lat' dir='ltr'><strong>A.</strong></span> <span class='ocrx_word' id='word_1_346' title='bbox 1010 4311 1030 4344; x_wconf 83' lang='lat'><strong>¹¹¹</strong></span> <span class='ocrx_word' id='word_1_347' title='bbox 1038 4311 1175 4378; x_wconf 77' lang='lat' dir='ltr'><strong>ponentes]</strong></span> <span class='ocrx_word' id='word_1_348' title='bbox 1191 4319 1318 4376; x_wconf 82' lang='lat' dir='ltr'><strong>potentes,</strong></span> <span class='ocrx_word' id='word_1_349' title='bbox 1329 4313 1363 4364; x_wconf 89' lang='lat' dir='ltr'><strong>H.</strong></span> 
     </span>
     <span class='ocr_line' id='line_1_42' title="bbox 457 4385 1304 4456; baseline 0.007 -20"><span class='ocrx_word' id='word_1_350' title='bbox 457 4385 568 4452; x_wconf 65' lang='grc' dir='ltr'><strong>ὓπιιιίιο]</strong></span> <span class='ocrx_word' id='word_1_351' title='bbox 583 4385 664 4445; x_wconf 86' lang='lat' dir='ltr'><strong>multi,</strong></span> <span class='ocrx_word' id='word_1_352' title='bbox 675 4387 709 4436; x_wconf 87' lang='lat' dir='ltr'><strong>H.</strong></span> <span class='ocrx_word' id='word_1_353' title='bbox 721 4386 755 4438; x_wconf 83' lang='lat' dir='ltr'><strong>A.</strong></span> <span class='ocrx_word' id='word_1_354' title='bbox 1010 4390 1028 4422; x_wconf 87' lang='lat'><strong>¹¹</strong></span> <span class='ocrx_word' id='word_1_355' title='bbox 1042 4391 1104 4456; x_wconf 68' lang='lat' dir='ltr'><strong>mm]</strong></span> <span class='ocrx_word' id='word_1_356' title='bbox 1120 4391 1214 4456; x_wconf 85' lang='lat' dir='ltr'><strong>ipsum,</strong></span> <span class='ocrx_word' id='word_1_357' title='bbox 1226 4393 1259 4441; x_wconf 89' lang='lat' dir='ltr'><strong>H.</strong></span> <span class='ocrx_word' id='word_1_358' title='bbox 1271 4391 1304 4442; x_wconf 92' lang='lat' dir='ltr'><strong>A.</strong></span> 
     </span>
    </p>

    <p class='ocr_par' dir='ltr' id='par_1_6' title="bbox 455 4465 1482 4689">
     <span class='ocr_line' id='line_1_43' title="bbox 456 4465 1482 4536; baseline 0.004 -20"><span class='ocrx_word' id='word_1_359' title='bbox 456 4465 557 4531; x_wconf 77' lang='lat' dir='ltr'><strong>¹solos]</strong></span> <span class='ocrx_word' id='word_1_360' title='bbox 573 4481 623 4515; x_wconf 92' lang='lat' dir='ltr'><strong>om.</strong></span> <span class='ocrx_word' id='word_1_361' title='bbox 635 4465 669 4514; x_wconf 89' lang='grc' dir='ltr'><strong>Η.</strong></span> <span class='ocrx_word' id='word_1_362' title='bbox 682 4467 715 4516; x_wconf 86' lang='lat' dir='ltr'><strong>A.</strong></span> <span class='ocrx_word' id='word_1_363' title='bbox 1010 4469 1028 4502; x_wconf 80' lang='lat'><strong>¹¹</strong></span> <span class='ocrx_word' id='word_1_364' title='bbox 1040 4471 1177 4536; x_wconf 77' lang='lat' dir='ltr'><strong>quondam]</strong></span> <span class='ocrx_word' id='word_1_365' title='bbox 1194 4485 1240 4535; x_wconf 83' lang='lat' dir='ltr'><strong>per</strong></span> <span class='ocrx_word' id='word_1_366' title='bbox 1251 4473 1387 4534; x_wconf 85' lang='lat' dir='ltr'><strong>quondam,</strong></span> <span class='ocrx_word' id='word_1_367' title='bbox 1400 4472 1435 4522; x_wconf 89' lang='grc' dir='ltr'><strong>Η.</strong></span> <span class='ocrx_word' id='word_1_368' title='bbox 1448 4472 1482 4524; x_wconf 89' lang='lat' dir='ltr'><strong>A.</strong></span> 
     </span>
     <span class='ocr_line' id='line_1_44' title="bbox 457 4543 1480 4616; baseline 0.007 -22"><span class='ocrx_word' id='word_1_369' title='bbox 457 4545 467 4582; x_wconf 83' lang='lat'>⁷</span> <span class='ocrx_word' id='word_1_370' title='bbox 479 4545 590 4609; x_wconf 80' lang='lat' dir='ltr'><strong>natura]</strong></span> <span class='ocrx_word' id='word_1_371' title='bbox 604 4543 663 4606; x_wconf 85' lang='lat' dir='ltr'><strong>jure</strong></span> <span class='ocrx_word' id='word_1_372' title='bbox 674 4550 780 4606; x_wconf 75' lang='lat' dir='ltr'><strong>natnrae,</strong></span> <span class='ocrx_word' id='word_1_373' title='bbox 788 4543 821 4594; x_wconf 86' lang='lat' dir='ltr'><strong>N.</strong></span> <span class='ocrx_word' id='word_1_374' title='bbox 1010 4546 1029 4580; x_wconf 80' lang='lat'><strong>¹¹</strong></span> <span class='ocrx_word' id='word_1_375' title='bbox 1040 4564 1115 4611; x_wconf 81' lang='lat' dir='ltr'><strong>qaam</strong></span> <span class='ocrx_word' id='word_1_376' title='bbox 1123 4548 1246 4614; x_wconf 77' lang='lat' dir='ltr'><strong>petimus]</strong></span> <span class='ocrx_word' id='word_1_377' title='bbox 1263 4557 1389 4616; x_wconf 80' lang='lat' dir='ltr'><strong>quantum</strong></span> <span class='ocrx_word' id='word_1_378' title='bbox 1400 4549 1480 4614; x_wconf 87' lang='lat' dir='ltr'><strong>potul·</strong></span> 
     </span>
     <span class='ocr_line' id='line_1_45' title="bbox 455 4621 1087 4689; baseline 0.002 -13"><span class='ocrx_word' id='word_1_379' title='bbox 455 4622 645 4689; x_wconf 79' lang='lat' dir='ltr'><strong>⁸otlendontes]</strong></span> <span class='ocrx_word' id='word_1_380' title='bbox 660 4624 819 4686; x_wconf 83' lang='lat' dir='ltr'><strong>secedentes,</strong></span> <span class='ocrx_word' id='word_1_381' title='bbox 829 4622 863 4674; x_wconf 86' lang='grc' dir='ltr'><strong>Η.</strong></span> <span class='ocrx_word' id='word_1_382' title='bbox 875 4621 910 4673; x_wconf 86' lang='lat' dir='ltr'><strong>A.</strong></span> <span class='ocrx_word' id='word_1_383' title='bbox 975 4642 1040 4687; x_wconf 91' lang='lat' dir='ltr'><strong>mus,</strong></span> <span class='ocrx_word' id='word_1_384' title='bbox 1052 4628 1087 4677; x_wconf 87' lang='lat' dir='ltr'><strong>N.</strong></span> 
     </span>
    </p>

    <p class='ocr_par' dir='ltr' id='par_1_7' title="bbox 456 4704 1273 4775">
     <span class='ocr_line' id='line_1_46' title="bbox 456 4704 1273 4775; baseline 0 -17"><span class='ocrx_word' id='word_1_385' title='bbox 456 4707 584 4775; x_wconf 67' lang='grc' dir='ltr'><strong>οπιιιςηιαε]</strong></span> <span class='ocrx_word' id='word_1_386' title='bbox 600 4721 702 4772; x_wconf 72' lang='lat' dir='ltr'><strong>mogus,</strong></span> <span class='ocrx_word' id='word_1_387' title='bbox 713 4707 748 4757; x_wconf 88' lang='lat' dir='ltr'><strong>H.</strong></span> <span class='ocrx_word' id='word_1_388' title='bbox 760 4707 794 4757; x_wconf 90' lang='lat' dir='ltr'><strong>A.</strong></span> <span class='ocrx_word' id='word_1_389' title='bbox 1007 4704 1102 4771; x_wconf 67' lang='grc' dir='ltr'><strong>1ἵιιὶίο]</strong></span> <span class='ocrx_word' id='word_1_390' title='bbox 1119 4705 1180 4770; x_wconf 75' lang='lat' dir='ltr'><strong>alta,</strong></span> <span class='ocrx_word' id='word_1_391' title='bbox 1192 4705 1227 4758; x_wconf 87' lang='grc' dir='ltr'><strong>Η.</strong></span> <span class='ocrx_word' id='word_1_392' title='bbox 1240 4707 1273 4758; x_wconf 85' lang='lat' dir='ltr'><strong>A.</strong></span> 
     </span>
    </p>

    <p class='ocr_par' dir='ltr' id='par_1_8' title="bbox 456 4786 838 4853">
     <span class='ocr_line' id='line_1_47' title="bbox 456 4786 838 4853; baseline -0.013 -13"><span class='ocrx_word' id='word_1_393' title='bbox 456 4788 477 4822; x_wconf 87' lang='lat'><strong>¹⁰</strong></span> <span class='ocrx_word' id='word_1_394' title='bbox 487 4786 629 4853; x_wconf 77' lang='lat' dir='ltr'><strong>laboribus]</strong></span> <span class='ocrx_word' id='word_1_395' title='bbox 644 4787 747 4847; x_wconf 81' lang='lat' dir='ltr'><strong>laribus,</strong></span> <span class='ocrx_word' id='word_1_396' title='bbox 758 4787 793 4838; x_wconf 89' lang='grc' dir='ltr'><strong>Η.</strong></span> <span class='ocrx_word' id='word_1_397' title='bbox 805 4787 838 4836; x_wconf 89' lang='lat' dir='ltr'><strong>A.</strong></span> 
     </span>
    </p>
   </div>
   <div class='ocr_carea' id='block_1_5' title="bbox 0 0 1830 5844">
    <p class='ocr_par' dir='ltr' id='par_1_9' title="bbox 0 0 1830 5844">
     <span class='ocr_line' id='line_1_48' title="bbox 0 0 1830 5844; baseline 0 2"><span class='ocrx_word' id='word_1_398' title='bbox 0 0 1830 5844; x_wconf 95' lang='lat' dir='ltr'><strong> </strong></span> 
     </span>
    </p>
   </div>
  </div>
 </body>
</html>
