3650 5844
631 885 868 938 commemo
891 887 1156 938 cnnonrosnuu.
1354 872 1395 936 95

348 1072 371 1098 “
390 1073 463 1126 ‘eax
481 1087 540 1126 non
569 1071 683 1136 luisset,
702 1070 803 1127 taliter
830 1070 999 1126 defensione
1025 1069 1141 1126 sublata
1168 1086 1234 1140 quae
1259 1067 1402 1142 competit
1433 1091 1489 1138 gn,
1498 1095 1558 1136 13³9,

350 1154 370 1180 ‘¹
391 1155 399 1180 ‘
417 1152 529 1208 homini
548 1171 582 1209 eo
596 1151 665 1223 jure
682 1157 807 1218 naturas,
827 1151 905 1224 qnod
921 1152 987 1208 tolli
999 1152 1117 1224 neqnit¹
1130 1170 1148 1208 a
1159 1151 1293 1224 principe
1310 1169 1365 1209 nec
1384 1169 1431 1214 ar.
1439 1172 1472 1213 21.

351 1237 371 1263 ‘⁸
391 1232 487 1304 ‘jure
534 1237 648 1294 Notum
674 1235 763 1292 etiam
789 1234 983 1292 communiter
1011 1239 1057 1290 est
1082 1235 1191 1307 ubique
1215 1235 1343 1308 qualiter
1369 1235 1401 1290 in

351 1319 372 1346 ‘⁶
391 1319 583 1392 ‘Aquitaniae
612 1324 713 1375 nostro
742 1318 851 1374 ducatu
881 1335 1006 1392 semper·
1020 1317 1165 1374 invaserit
1191 1324 1222 1374 et
1239 1318 1402 1388 colliserit²

350 1402 371 1430 “
391 1401 478 1474 ‘jura
507 1408 617 1470 nostra,
644 1407 738 1458 terras
769 1406 885 1457 nostras
921 1399 1063 1457 invadens
1093 1407 1123 1457 et
1152 1400 1300 1473 dissipans
1330 1417 1402 1473 quas

352 1486 371 1512 ‘⁸
393 1485 517 1556 ‘capere
535 1485 641 1557 potnit,
669 1484 736 1540 aliis
763 1483 978 1554 nostris³quas
1003 1484 1158 1554 occupavit
1177 1483 1351 1557 adjungens,
1372 1489 1403 1540 et

351 1567 370 1594 “
391 1569 399 1595 ‘
410 1565 460 1638 jus
489 1567 546 1624 sibi
576 1567 676 1624 dicens
700 1565 740 1622 ad
765 1566 895 1632 libitum,
922 1565 978 1621 Dei
1006 1565 1112 1622 timore
1141 1568 1317 1638 postposite,
1345 1567 1403 1622 sibi

351 1653 370 1678 “
391 1652 524 1706 ‘tenena
571 1651 667 1708 Scotis
694 1650 793 1714 etiarn,
822 1665 896 1720 qnos
922 1654 1032 1706 nostrie
1057 1650 1194 1707 coronae⁴
1214 1651 1404 1722 subjecerunt

351 1736 371 1762 ‘⁶
393 1733 480 1806 'jura
503 1740 669 1806 temporum
694 1734 890 1806 antiquorum,
919 1730 972 1788 sed
998 1750 1051 1804 per
1068 1750 1195 1805 nequam
1212 1733 1404 1791 rebellionis⁵

350 1817 370 1843 “
392 1817 592 1875 ‘dementiam
609 1821 712 1874 contra
737 1814 902 1873 naturalem
919 1814 1070 1871 dominum
1096 1816 1248 1873 calcitrare
1272 1817 1404 1874 conanti-

351 1899 371 1926 “
393 1898 478 1965 ‘bus
500 1899 553 1970 qui
570 1901 602 1955 in
619 1905 735 1956 nostros
761 1896 989 1971 praedecessores
1008 1903 1038 1955 et
1061 1915 1115 1954 nos
1141 1899 1219 1955 laesae
1239 1899 1404 1972 majestatis

351 1983 372 2010 ‘⁴
392 1983 547 2039 ‘oriminis
571 1983 726 2046 reierant,
745 1987 899 2038 utcontra
922 1997 977 2036 nos
1001 1978 1121 2050 injurias
1149 1982 1225 2038 nihil
1243 1983 1403 2048 omitteret,

352 2067 372 2094 ‘⁶
393 2066 452 2123 ‘sd
474 2072 589 2124 nostras
613 2065 736 2140 injurias
759 2063 870 2120 foedere
893 2079 925 2120 se
950 2062 1095 2136 adjunxit,
1119 2067 1151 2121 in
1175 2071 1258 2122 tanto
1281 2065 1405 2122 crimine

354 2151 373 2176 “
394 2153 500 2206 ‘tanto
524 2156 633 2207 nostrae
660 2149 778 2221 injurias
806 2148 907 2204 terens
935 2164 994 2212 eos,
1021 2149 1072 2219 qni
1096 2147 1164 2218 jure
1192 2151 1345 2221 sanguinis
1375 2155 1405 2207 et

353 2233 373 2258 “
393 2234 527 2288 ‘naturas
557 2249 610 2288 nos
640 2231 743 2287 debuit
771 2230 869 2302 potius
899 2227 1048 2302 adjuvare.
1097 2230 1229 2304 Cumque
1254 2232 1406 2304 praemissa

353 2316 371 2342 “
393 2316 514 2372 ‘omnia
542 2333 600 2373 non
631 2313 789 2386 implerent
819 2313 856 2369 de
885 2313 994 2370 nostris
1023 2310 1142 2385 injuriis
1171 2319 1274 2372 votum
1307 2333 1404 2382 sunm,

353 2399 372 2426 ‘⁶
391 2399 540 2457 ‘collectis
569 2397 699 2470 undique
735 2395 859 2463 viribus,
890 2395 1031 2468 quicquid
1057 2397 1175 2469 potnit,⁶
1193 2404 1228 2455 nt
1261 2415 1315 2456 nos
1352 2398 1404 2454 irae

352 2487 371 2513 ‘¹
392 2488 475 2541 ‘snae
502 2491 615 2543 torrens
639 2484 801 2548 absorbeat,
831 2483 1014 2555 aggregavit,
1034 2483 1136 2541 tollere
1155 2501 1208 2542 nos
1235 2484 1271 2540 de
1295 2484 1405 2540 mundo

353 2572 372 2598 “
393 2569 565 2637 ‘sollicitus‚
601 2567 638 2625 sd
662 2565 764 2624 aliud²
790 2583 850 2622 non
883 2567 1025 2633 intentus,
1063 2569 1187 2626 forsitan
1222 2587 1258 2624 ex
1292 2570 1406 2626 intento

352 2655 372 2682 ¹‘
391 2655 549 2725 ‘factoque
584 2669 637 2710 suo
672 2656 776 2708 contre
810 2667 864 2708 nos
899 2657 1035 2707 nostrum
1071 2657 1175 2708 contra
1217 2670 1248 2708 se
1283 2654 1406 2710 metitus

351 2739 369 2766 ‘¹
391 2737 581 2802 ‘intentum
596 2733 675 2808 quod
701 2733 840 2806 colligere
863 2733 912 2790 rel
936 2734 1036 2790 metiri
1054 2735 1188 2807 nequivit
1206 2753 1259 2808 per
1278 2736 1405 2808 alicujus

354 2827 372 2851 “
394 2823 510 2878 ‘nostri
539 2826 623 2878 actus
649 2817 797 2890 judicium
827 2816 980 2874 nondnm³
997 2819 1105 2874 actum.
1143 2820 1260 2877 Donum
1285 2820 1405 2892 insuper

351 2903 699 2976 “‘nobis21mpensnm
717 2902 811 2958 (livini
841 2902 972 2958 muneris
1002 2918 1082 2974 aegre
1098 2903 1206 2971 tersus,
1227 2905 1374 2960 aestimars
1383 2904 1404 2937 ¹⁰

353 2993 372 3019 ‘⁶
394 2990 495 3046 ‘visus
530 2995 577 3045 cst
605 3005 689 3044 suam
719 2984 860 3056 injuriam
889 2987 921 3041 in
948 2985 1068 3058 Angliae
1097 3005 1189 3059 regno
1218 2993 1320 3045 nostro
1350 3008 1405 3046 nos

354 3077 372 3102 “
394 3074 515 3129 ‘vivere
527 3088 613 3143 snper
620 3071 638 3104 ¹¹
659 3075 778 3136 terram,
793 3069 859 3137 etsi,
881 3070 1053 3141 quantum1²
1071 3070 1161 3126 dabat
1179 3071 1322 3129 Dominus
1339 3091 1403 3145 pro-

355 3161 373 3188 “
394 3156 530 3228 ‘spere,¹³
542 3156 648 3211 saltem
666 3173 719 3227 per
737 3154 836 3211 omnis
852 3154 971 3226 pacifice
983 3155 1080 3226 quood
1097 3173 1175 3221 eum,
1195 3157 1329 3227 qnodque
1347 3175 1404 3214 ser·

355 3242 375 3270 ‘¹
396 3240 499 3298 ‘viens
534 3239 618 3296 nobis
653 3240 789 3311 populns,
824 3238 871 3295 vel
906 3239 1005 3296 verius
1036 3239 1083 3294 oui
1113 3239 1266 3306 servimus,
1294 3241 1404 3297 nostris

355 3330 375 3356 ‘⁶
396 3324 599 3397 ‘temporibus
617 3324 672 3380 Dei
679 3323 699 3356 ¹⁴
716 3322 792 3379 dono
809 3322 900 3378 fuerit
926 3323 1081 3394 gloriosus.
1128 3323 1202 3378 Haeo
1228 3329 1327 3381 autem
1346 3342 1405 3380 non

355 3411 376 3440 “
396 3409 519 3466 ‘statim
537 3407 638 3464 audita
655 3405 704 3462 vel
721 3406 839 3477 cognita
864 3423 917 3461 nos
942 3411 1107 3472 moverunt,
1127 3405 1179 3463 sed
1196 3406 1250 3464 illa
1267 3409 1321 3464 sub
1346 3407 1404 3464 dis·

355 3494 375 3522 ¹⁴
397 3493 603 3548 ‘simulatione
621 3490 820 3557 transivimus,
839 3488 916 3545 nulli
940 3494 1092 3560 parcentes
1118 3490 1200 3547 oneri
1217 3492 1262 3547 vel
1288 3491 1402 3560 honori,

355 3579 375 3607 ⁴¹
396 3580 453 3632 ‘ut
465 3582 566 3633 eontra
582 3591 636 3632 nos
652 3574 818 3646 persecutio
835 3588 889 3629 suu
906 3571 926 3605 ¹⁵
943 3571 1111 3645 iniuriaque
1123 3573 1143 3606 ¹⁸
1161 3573 1322 3644 quiesceret
1340 3591 1405 3632 nos·

356 3663 374 3690 ⁸*
396 3663 403 3688 ‘
417 3665 556 3732 trumquo
564 3656 583 3696 ¹⁷
601 3675 669 3714 cum
686 3674 722 3713 eo
733 3655 753 3690 ¹⁸
769 3654 924 3728 pacificum
943 3661 1059 3728 tempus
1077 3661 1165 3726 esset,
1178 3656 1269 3714 donee
1286 3659 1404 3731 propin·

355 3745 374 3774 ⁴⁶
395 3745 508 3817 ‘quum
525 3742 610 3799 nobis
635 3741 764 3800 vidimus
788 3741 931 3813 gladium,
957 3746 1065 3797 nostru
1091 3759 1125 3798 ao
1150 3746 1315 3799 nostrorum
1339 3739 1404 3803 neci

354 3829 374 3858 “
393 3829 401 3858 ⁴
417 3833 448 3886 et
459 3827 479 3860 ¹⁹
491 3825 665 3884 exterminio
676 3826 882 3899 praeparatum.
920 3824 979 3882 Sed
990 3823 1156 3897 numquidl⁰
1166 3825 1273 3897 aliquis
1291 3831 1337 3883 est
1354 3826 1406 3898 qui

389 4033 398 4068 ¹
409 4033 510 4100 nequit]
522 4032 624 4098 nequid,
636 4033 673 4084 Η.
686 4032 720 4084 A.
934 4030 951 4065 ¹¹
964 4033 1048 4082 viuere
1059 4029 1151 4098 saper]
1164 4030 1288 4096 viverent,
1300 4031 1334 4084 Η.
1348 4031 1382 4085 A.

386 4113 545 4180 ²rolls‘seru't]
560 4111 698 4176 colluserit,
709 4113 788 4166 H-A.
933 4113 1099 4181 ¹²quunium]
1113 4118 1244 4181 quam,lI.
1257 4119 1290 4170 A.

387 4193 516 4259 snmus]
532 4191 631 4253 vestris,
642 4193 676 4244 Η.
689 4194 721 4244 A.
934 4191 954 4226 ¹³
963 4193 1101 4260 prospers]
1117 4197 1291 4260 propersqll.
1302 4197 1336 4248 A.

387 4275 520 4342 *cumroeJ
533 4291 584 4327 om.
596 4274 631 4324 H.
644 4275 679 4326 A.
936 4271 954 4304 ¹⁴
966 4271 1035 4339 Dei]
1050 4273 1090 4333 de,
1100 4271 1136 4324 Η.
1148 4272 1183 4326 A.

387 4354 570 4419 traditione]
585 4352 746 4415 debellionis,
757 4354 792 4404 Η.
805 4351 840 4405 A.
936 4352 956 4386 ¹'’
967 4353 1029 4418 rua]
1045 4361 1139 4413 nostru,
1151 4355 1186 4405 H.
1198 4355 1232 4406 A.

388 4431 530 4500 lquicquid
545 4431 646 4499 potuit]
668 4432 712 4498 qui
733 4431 860 4498 quioquid,
936 4430 1126 4499 18ιἠῙιινίαᾳιιιε]
1139 4431 1313 4500 injuriamque,
1325 4433 1360 4488 Η,
1373 4436 1406 4491 Α,

354 4521 390 4573 Η.
401 4513 437 4570 A.
734 4535 736 4540 ·
938 4510 957 4548 ¹⁷
968 4511 1029 4577 que]
1045 4527 1096 4564 oin.
1108 4512 1142 4564 Η.
1155 4514 1188 4565 A.

389 4595 498 4663 ⁷aerls'nd]
513 4597 589 4658 ldsui,
601 4596 636 4648 Η.
647 4595 681 4646 A.
937 4589 957 4624 ¹⁸
967 4589 1009 4656 eo]
1025 4605 1064 4653 ea,
1076 4591 1109 4642 11.
1120 4593 1154 4643 A.

389 4675 534 4742 8saevidicis]
550 4677 651 4736 nedum,
662 4675 696 4726 Η.
708 4676 743 4724 A.
936 4665 957 4704 ¹⁹
968 4670 1023 4720 neci
1034 4669 1070 4735 et]
1087 4686 1136 4720 om.
1148 4671 1184 4722 H.
1196 4672 1231 4722 A.

390 4754 499 4820 ⁹noln'r]
514 4753 596 4812 vobis,
609 4755 643 4805 ll.
657 4753 691 4804 A.
936 4749 958 4782 ²⁰
971 4748 1106 4816 numquid]
1121 4765 1266 4814 numquam,
1277 4751 1312 4802 H.
1324 4751 1357 4802 A.

389 4835 409 4871 ¹⁰
419 4833 558 4900 estimare]
572 4839 718 4894 extenuare,
729 4833 762 4883 ll.
774 4831 808 4885 A.
