3650 5844
418 854 460 919 92
790 871 870 921 nnn
893 871 1086 922 unumurn

269 1055 392 1104 annm.
417 1043 438 1072 ‘⁴
459 1045 590 1102 ‘rabiem
608 1051 638 1102 et
664 1047 759 1103 crucis
784 1048 915 1104 hostium
941 1047 1065 1104 aliorum
1084 1063 1119 1103 ex
1138 1063 1228 1104 censa
1248 1045 1343 1120 juruti
1367 1051 1470 1103 contm

415 1129 434 1156 '‘
455 1131 526 1186 ‘eos
543 1129 690 1202 passagii¹
708 1137 739 1188 et
757 1131 946 1204 solempniter
975 1133 1127 1204 publicati,
1146 1131 1176 1188 in
1209 1131 1341 1204 partibus
1368 1137 1463 1188 traua·

418 1215 436 1239 “
457 1213 601 1269 ‘murinis
631 1215 767 1286 peribant
797 1221 827 1271 et
857 1221 980 1288 pereunt
1010 1215 1170 1272 Christiani
1201 1221 1232 1272 et
1249 1220 1386 1272 crescunt
1412 1215 1468 1269 im·

351 1297 436 1357 l.uu.“
459 1295 607 1353 ‘maniter
647 1296 766 1368 injuria
796 1297 944 1364 Gracilixi,
976 1315 1135 1370 possemus,
1166 1299 1244 1355 sicut
1273 1297 1410 1354 debemus
1440 1303 1471 1352 et

417 1381 435 1407 ‘¹
457 1381 650 1450 ‘propensius
680 1378 859 1445 anhelamus,
888 1379 1041 1436 intendere
1066 1398 1162 1437 oausae
1188 1379 1307 1446 Christi,
1334 1397 1400 1453 quae
1418 1395 1468 1435 ne·

415 1465 433 1489 ‘¹
454 1462 621 1534 ‘gligitnr,¹
639 1463 729 1518 immo
754 1463 852 1518 uarius
879 1464 1067 1536 praepeditur,
1088 1464 1118 1519 in
1144 1481 1283 1535 magnam
1313 1463 1471 1534 cujuslibet

416 1549 435 1573 ‘⁴
456 1545 663 1602 ‘Christicolae
692 1545 771 1616 regis
801 1547 928 1602 maxime
957 1546 1133 1603 demorantis
1163 1547 1316 1604 infamiam
1337 1553 1368 1602 et
1385 1548 1468 1618 igno·

416 1632 436 1656 ‘¹
458 1629 578 1684 ‘minim
597 1647 712 1702 megum
737 1635 846 1686 notam.
884 1629 941 1686 Sed
960 1631 1105 1686 nescimus
1134 1649 1191 1704 quo
1210 1632 1331 1688 veniet³
1350 1637 1469 1702 peccato

418 1716 437 1740 “
458 1711 565 1783 ‘quod
595 1711 631 1768 de
661 1711 790 1785 pacificis
819 1713 926 1768 oblatis
955 1713 1119 1779 humiliter,
1147 1731 1182 1768 ex
1209 1713 1317 1784 quibus
1348 1731 1469 1784 surgere

416 1801 435 1824 ‘¹
458 1799 579 1853 ‘debuit
598 1799 678 1869 pacis
705 1815 796 1862 umor,
817 1797 848 1852 in
867 1815 911 1864 eo,
931 1797 982 1868 qui
1000 1815 1052 1854 nos
1071 1797 1132 1854 sole
1150 1799 1301 1854 voluntate
1319 1798 1469 1871 prosequi·

416 1885 434 1908 ‘⁴
456 1885 536 1947 ‘tur‚
563 1881 683 1952 majoris
709 1881 867 1936 iracundiae
885 1881 1063 1952 majorisque
1081 1883 1218 1938 duritire⁴
1235 1884 1328 1940 crevit
1352 1882 1472 1938 tumor.¹

418 1969 436 1993 ‘¹
459 1969 466 1994 ‘
481 1967 591 2022 Contra
608 1982 660 2020 nos
679 1971 777 2020 temen
808 1963 893 2018 illurn
911 1982 971 2020 non
988 1971 1136 2036 provocat,
1156 1965 1218 2022 Deo
1235 1973 1266 2022 et
1282 1971 1385 2022 nostra
1402 1983 1468 2022 con·

418 2053 436 2076 “
459 2051 604 2106 ‘scientie
621 2053 696 2104 teste
715 2049 808 2114 nobis,
828 2047 946 2120 aliquod
964 2049 1074 2104 factum
1093 2053 1228 2104 nostrum
1250 2051 1296 2105 rel
1314 2055 1469 2122 attempta·

419 2135 437 2162 ‘¹
460 2137 545 2188 ‘tum
575 2151 627 2206 per
657 2149 710 2187 nos
741 2131 860 2202 aliquod
890 2137 992 2188 contre
1021 2149 1107 2198 eum;
1138 2134 1229 2189 immo
1259 2133 1361 2190 rident
1391 2132 1469 2190 oculi

418 2220 437 2244 ‘¹
459 2215 593 2280 ‘mundi
612 2213 723 2286 publici
741 2218 831 2268 testes
848 2212 951 2279 nostri,
972 2215 1117 2284 quomodo
1142 2217 1283 2288 prefatus
1301 2223 1470 2286 persecutor

419 2302 436 2326 ‘¹
459 2301 586 2362 ‘nostem
617 2297 750 2352 Francius
780 2313 879 2365 regem
909 2312 939 2350 ss
969 2295 1134 2361 nominans,
1162 2295 1328 2368 dampnosis
1353 2297 1470 2370 injuriis

418 2385 437 2410 ‘⁴
459 2385 552 2454 ‘quot
570 2387 601 2437 et
618 2379 737 2452 quentis
766 2397 819 2435 nos
837 2385 868 2435 et
890 2377 959 2448 juro
985 2385 1088 2436 nostra
1113 2381 1250 2436 vulnerat
1275 2387 1306 2436 et
1333 2379 1469 2436 deluloat.

417 2469 437 2492 “
460 2466 579 2536 ‘Ipsius
596 2463 714 2536 quidem
733 2462 818 2534 regui
845 2461 987 2526 Franciae,
1007 2463 1085 2534 quod
1110 2463 1147 2520 nd
1172 2479 1225 2518 nos
1252 2464 1333 2519 omni
1358 2481 1471 2519 sncces-

418 2553 437 2577 “
460 2548 558 2605 ‘sorio
580 2547 648 2617 jure
675 2546 807 2617 legitime
834 2545 981 2618 pertinere
1008 2547 1204 2617 cognoscitur,
1225 2553 1271 2602 est
1298 2547 1414 2602 incusor
1440 2553 1471 2604 et

417 2636 434 2660 ‘⁸
458 2632 601 2688 ‘illicitus
631 2634 799 2701 occupator,
835 2645 960 2698 reguum
996 2629 1103 2700 ipsum,
1135 2629 1213 2701 quod
1249 2629 1349 2685 debuit
1384 2630 1469 2686 nobis

418 2719 435 2744 “
460 2715 591 2772 ‘vocetis
618 2715 666 2769 vel
692 2711 821 2768 delensis
846 2709 979 2782 legitime
1005 2711 1105 2768 debito
1127 2711 1204 2782 juris
1234 2709 1336 2768 ordine
1361 2719 1472 2784 petere,

416 2801 435 2827 ‘⁶
456 2803 536 2854 ‘non
561 2798 673 2854 veritus
691 2813 842 2868 occupare,
859 2813 937 2860 cnm,
964 2795 1016 2850 ubi
1041 2811 1169 2852 essemus
1195 2801 1226 2852 et
1252 2793 1330 2866 quod
1347 2813 1471 2867 personna

416 2885 440 2940 “.
458 2883 625 2939 ‘essemus‘
643 2883 727 2954 cujus
762 2877 965 2953 principaliter
1000 2876 1176 2946 interesset,¹
1206 2877 1320 2935 notorie
1356 2887 1468 2936 certum

415 2969 434 2994 “
457 2970 464 2993 ‘
478 2971 566 3034 esset,
583 2971 613 3020 et
632 2965 664 3020 in
681 2980 773 3034 regno
790 2962 854 3033 ipso
869 2959 919 3032 jue
938 2963 1072 3015 nostrum
1085 2961 1161 3016 foret
1174 2965 1236 3016 tam
1248 2961 1362 3016 notorie
1376 2979 1466 3032 quem

416 3053 435 3080 ‘⁸
456 3048 625 3106 ‘communi
641 3048 708 3119 jure
727 3045 902 3110 fundatum
933 3043 1095 3116 supposito,
1126 3043 1206 3098 sicut
1230 3043 1381 3100 evidentia
1399 3045 1472 3100 lacti

417 3141 434 3171 ‘¹
456 3139 585 3195 ‘notorii
604 3134 815 3210 praesupponit,
835 3131 913 3203 quod
932 3131 1057 3187 celebris
1076 3131 1290 3187 recordationis
1303 3132 1469 3204 Philippus,

416 3228 434 3254 ‘¹
457 3224 548 3279 ‘olim
579 3239 629 3277 rex
660 3218 803 3284 Francius.
824 3221 908 3288 Pater
938 3215 1026 3270 clnrae
1057 3215 1207 3272 memoriae
1244 3215 1359 3282 Karoli,
1391 3217 1472 3286 regis

418 3313 436 3336 ‘¹
459 3304 623 3370 turanoiae,
660 3300 833 3357 immediate
871 3297 1018 3362 defuncti,
1048 3302 1080 3353 et
1109 3296 1305 3354 serenissimae
1342 3297 1470 3354 domium

417 3397 435 3421 “
457 3389 625 3454 ‘leubellae
644 3386 755 3456 regina
782 3381 913 3452 Angliae,
932 3381 1037 3436 metris
1064 3386 1183 3448 nostrae,
1203 3387 1355 3438 maternus
1374 3385 1472 3438 fueret

415 3477 433 3504 ‘⁸
456 3478 549 3532 ‘avus
568 3477 676 3537 noster,
696 3487 764 3524 cum
791 3467 887 3523 eidem
915 3465 1034 3532 Knrolo,
1054 3471 1185 3538 tempore
1211 3467 1315 3522 mortis
1343 3485 1414 3536 sum,
1435 3485 1470 3522 ex

416 3562 433 3589 ‘¹
456 3555 724 3614 ‘descendentibus
743 3567 843 3607 secum
861 3549 1019 3604 abeodem
1039 3549 1176 3622 Philippo
1202 3549 1352 3607 musculus
1371 3568 1471 3622 super·

416 3650 434 3674 ‘¹
456 3643 557 3698 ‘stes¹
585 3639 744 3714 proximior
771 3635 871 3690 nullus
898 3634 982 3689 nobis
1010 3633 1110 3700 fuerit,
1139 3640 1170 3690 et
1195 3651 1320 3706 persona
1351 3635 1470 3691 leminre

416 3735 435 3761 ‘¹
457 3727 552 3784 ‘dicti
571 3724 666 3796 regni,
683 3739 736 3794 per
750 3719 800 3790 jus
818 3719 850 3774 in
875 3719 978 3774 eodem
1004 3735 1095 3790 regno
1114 3724 1265 3774 servotum
1291 3719 1469 3791 antiquitus,

415 3818 433 3844 ‘¹
455 3818 534 3866 ‘non
553 3811 593 3864 sit
609 3825 719 3879 capon
746 3803 824 3877 quod
839 3804 888 3876 jus
914 3803 1000 3873 regui
1026 3803 1154 3875 praeleti,
1175 3805 1305 3860 levorem
1331 3805 1363 3858 in
1390 3805 1469 3862 vium

416 3901 433 3926 ‘⁵
456 3898 464 3923 ‘
477 3911 573 3950 causae
583 3890 698 3949 finalis¹
711 3887 876 3952 attendens,
885 3903 921 3940 ne
932 3901 1057 3957 regnum
1066 3887 1164 3958 ipsum
1177 3888 1232 3942 sub
1244 3887 1354 3943 femine
1366 3886 1469 3958 iragili

415 3985 432 4012 ‘¹
453 3984 460 4008 ‘
475 3977 687 4052 gubernatione
700 3974 826 4038 labatur,
846 3976 876 4026 et
894 3977 1014 4042 propter
1031 3971 1086 4026 hoc
1100 3989 1258 4043 personam
1271 3972 1407 4028 mulieris
1420 3991 1469 4028 ex-

414 4069 434 4095 “
456 4063 608 4128 ‘cludens
627 4075 685 4114 non
703 4055 835 4112 excludit
852 4071 1006 4126 personam
1019 4053 1145 4110 masculi
1163 4073 1217 4126 per
1234 4055 1277 4110 sio
1288 4055 1307 4088 ¹⁰
1319 4055 1469 4110 exclusam

415 4152 435 4178 ‘¹
456 4147 617 4204 ‘seminam
636 4139 849 4205 descendentis,
864 4155 900 4192 ne
910 4137 927 4170 ¹¹
941 4139 993 4194 liat
1001 4139 1120 4211 juribus
1138 4155 1254 4212 semper
1267 4138 1386 4194 odibilis
1405 4157 1470 4211 pro-

448 4444 456 4476 ¹
466 4439 600 4510 perrupit]
616 4433 750 4502 passagiis,
763 4431 797 4483 H.
810 4433 844 4481 Λ.
996 4417 1007 4457 ⁷
1020 4417 1167 4484 interesset]
1184 4418 1313 4478 interesse,
1326 4417 1362 4467 ll.

449 4525 459 4558 ¹
472 4517 628 4587 negligitur]
643 4514 807 4578 necligenter,
820 4511 856 4560 ΙΙ,
869 4511 902 4560 Λ.
998 4498 1009 4530 ⁵
1023 4497 1165 4564 superstes]
1180 4513 1230 4547 om.
1244 4499 1279 4547 H.
1293 4499 1326 4548 A.

446 4605 457 4638 ³
470 4619 519 4669 quo
530 4597 630 4662 veniat]
646 4591 732 4644 veniat
743 4607 801 4656 quo,
813 4587 846 4638 ll.
860 4588 893 4638 Λ.
996 4578 1100 4628 ¹caueoe
1106 4577 1214 4643 finalia]
1236 4575 1305 4626 lluuli
1317 4573 1416 4635 rationi,
1434 4575 1469 4625 ll.

447 4685 458 4716 ⁴
469 4678 585 4743 duritias]
602 4673 712 4732 decurie,
723 4673 758 4722 ll.
769 4669 803 4721 A.
964 4658 998 4708 Δ.

447 4765 458 4796 ⁵
471 4759 564 4824 tumor]
580 4757 665 4816 timor,
676 4753 712 4804 Η,
725 4752 757 4802 Α.
768 4751 803 4800 N.
998 4735 1018 4768 ¹⁰
1028 4735 1078 4800 sic]
1097 4749 1133 4795 sc,
1146 4735 1181 4784 H.
1192 4736 1226 4784 A.

447 4843 493 4890 διε
512 4877 517 4890 .
539 4877 544 4888 .
563 4875 569 4887 .
588 4875 593 4887 .
612 4832 731 4898 euserius]
747 4845 797 4881 om.
810 4829 844 4880 li.
856 4827 888 4876 A.
998 4815 1016 4849 ¹¹
1029 4815 1074 4882 ue]
1089 4831 1142 4876 sue,
1155 4815 1189 4864 ll.
1202 4815 1236 4863 Α.
