3656 5850
450 876 491 938 52
805 889 885 938 ron
909 889 1102 940 uuuruurrr

296 1065 418 1112 ΗΜ·
448 1063 543 1142 Item,
567 1063 625 1128 dos
657 1063 826 1149 assignata
862 1063 929 1129 fuit
951 1065 1073 1152 reginae
1104 1063 1182 1130 talis
1215 1069 1250 1130 et
1283 1069 1380 1130 tanta
1412 1063 1500 1150 quod

278 1141 427 1237 ΒΨ·
448 1165 517 1251 regi
541 1163 609 1229 ruo
631 1186 691 1229 ³110
713 1165 806 1250 regni
829 1185 905 1249 pars
929 1165 1029 1230 ertia
1050 1165 1111 1230 vix
1132 1165 1299 1232 remanet.

279 1301 385 1346 nieorum
493 1264 566 1330 Hoc
588 1285 684 1343 anno,
708 1265 744 1328 in
766 1265 883 1351 vigilia
917 1267 1023 1332 sancti
1055 1266 1218 1344 Nicholai,
1242 1267 1308 1332 fuit
1342 1267 1500 1353 magister

279 1354 415 1464 ffiffll'
448 1367 591 1434 Jacobus
613 1368 654 1432 de
677 1366 860 1453 Berkeleyc
875 1368 1080 1435 concorditer
1102 1369 1138 1432 in
1161 1369 1349 1456 episcopum
1374 1368 1501 1434 Exoni-

278 1453 412 1550 ll‘filllll?
448 1467 582 1536 ensem¹
606 1469 737 1547 electus,
761 1474 796 1534 et
818 1469 994 1537 Dominica
1016 1470 1134 1536 mcdiae
1158 1469 1427 1556 Quadragesimae
1449 1475 1501 1536 est

451 1569 663 1638 cantuariae2
686 1577 902 1638 consecratus.

281 1693 385 1756 ruente
494 1674 619 1752 Postea,
659 1674 738 1760 quia
777 1673 955 1740 videbatur
991 1673 1161 1760 aliquibus
1209 1674 1299 1760 quod
1347 1674 1501 1740 dominus

280 1745 396 1838 iidieiio
449 1776 634 1843 Edwardus
667 1781 763 1862 pater
801 1775 888 1862 regis
921 1775 1012 1861 apud
1046 1773 1263 1840 Kenelworth
1301 1774 1370 1840 fuit
1401 1776 1501 1840 nimis

279 1846 400 1899 mm*
449 1879 589 1944 delicate
613 1881 786 1954 tractatus,
810 1877 1027 1942 ordinabatur
1058 1877 1147 1962 quod
1179 1876 1334 1942 dominus
1357 1877 1500 1944 Thomas

450 1981 491 2046 de
515 1979 680 2066 Berkelcy
703 1984 738 2044 et
762 1979 916 2046 dominus
946 1978 969 2044 J
975 1975 1152 2066 [ohannes]
1187 1979 1397 2046 Mautravers
1428 2001 1500 2046 cus·

448 2083 575 2149 todianr
590 2082 695 2170 ipsius
710 2081 893 2160 haberent;
915 2079 1013 2158 unde,
1029 2079 1116 2146 circa
1137 2077 1282 2146 Ramos³
1304 2081 1499 2167 palmarum,

448 2186 640 2272 scitusque
663 2183 828 2270 Berkeley
851 2183 1012 2249 deductus
1034 2187 1163 2248 secrete.
1196 2183 1248 2260 Et,
1279 2184 1358 2270 quia
1380 2184 1500 2248 timue·

450 2293 531 2354 runt
562 2287 746 2372 aliquorum
778 2285 959 2350 adventum
997 2283 1040 2350 ad
1077 2284 1186 2372 ipsum
1219 2284 1437 2364 liberandum,
1460 2285 1502 2349 de

377 2390 519 2456 rotroco
542 2389 701 2476 praedicto
724 2387 793 2452 fuit
815 2387 978 2452 deductus
1001 2387 1042 2451 de
1064 2393 1161 2452 nocte
1184 2387 1227 2452 ad
1250 2387 1321 2453 loca
1351 2387 1495 2465 diversa,

447 2489 603 2556 videlicet
640 2489 682 2553 ad
718 2487 801 2553 (lorf
807 2487 819 2524 ⁴
842 2495 876 2554 et
913 2487 1025 2574 aliqua
1061 2487 1127 2553 alia
1159 2487 1230 2553 loca
1262 2493 1404 2568 secreta;
1441 2488 1499 2554 sed

446 2593 590 2660 finaliter
626 2591 833 2656 reduxerunt
869 2611 945 2654 curn
983 2589 1025 2655 ad
1049 2588 1221 2675 Berkcley,
1244 2589 1293 2654 ita
1316 2590 1404 2676 quod
1437 2591 1496 2654 vix

446 2696 523 2762 sciri
547 2695 658 2781 potuit
680 2692 739 2757 ubi
760 2691 848 2758 suit.⁵
894 2692 959 2758 Sed
982 2713 1110 2779 semper
1132 2692 1286 2757 dominus
1309 2693 1351 2757 de
1375 2693 1498 2758 Berlre-

446 2797 502 2882 ley
517 2795 638 2860 habuit
660 2794 843 2861 custodiam
866 2813 934 2858 uno
956 2813 1076 2870 mense,
1091 2793 1149 2878 qui
1172 2814 1249 2878 erga
1272 2814 1347 2858 eum
1384 2791 1501 2859 huma·

447 2899 537 2964 niter
551 2920 586 2963 se
601 2897 764 2976 babebat;
787 2902 821 2961 ct
843 2896 996 2960 dominus
1018 2894 1049 2960 J.
1068 2893 1276 2960 Mautravers
1292 2895 1357 2961 alio
1380 2917 1499 2974 mense,

445 3003 504 3089 qui
526 3023 604 3088 erga
636 2997 735 3065 eum⁶
755 2998 852 3064 aliter
888 3019 922 3064 se
945 2996 1109 3063 babebat!
1155 2997 1285 3084 Regina
1307 3019 1387 3065 vero
1408 2999 1501 3064 misit

277 3147 426 3202 Qum
445 3101 530 3168 sibi⁸
552 3103 748 3167 indumenta
781 3099 923 3165 delicata
959 3103 994 3163 et
1031 3099 1143 3163 literas
1189 3098 1405 3178 blandientes,
1441 3101 1500 3166 scd

277 3197 432 3294 ffi‘ggfffl
445 3205 554 3291 ipsum
576 3203 688 3269 videre
721 3201 864 3278 nolebat,
886 3201 1012 3286 fingens
1035 3199 1122 3285 quod
1157 3201 1250 3285 regni
1281 3201 1504 3267 communitas

445 3329 512 3373 non
550 3304 723 3394 permisit.⁹
768 3305 940 3390 Expensas
962 3307 1075 3368 autem
1101 3302 1231 3379 habuit,
1253 3302 1410 3369 videlicet
1421 3302 1448 3342 ¹⁰
1471 3322 1498 3368 ο.

445 3431 571 3477 marcas
593 3430 653 3496 pro
665 3407 690 3446 ¹¹
713 3427 833 3474 mense.
895 3407 941 3472 Et
962 3405 1010 3470 sic
1044 3404 1135 3490 apud
1167 3405 1331 3493 Berkelcy
1355 3412 1389 3472 et
1411 3407 1501 3485 alibi,

445 3534 513 3578 non
535 3533 601 3597 quo
625 3511 756 3577 volebat
778 3509 835 3574 sed
859 3529 924 3594 qno
947 3506 1057 3572 voluit
1079 3506 1233 3572 dominus
1248 3505 1275 3544 ¹⁹
1296 3507 1320 3572 J
1323 3507 1498 3596 [ohannes]

447 3614 664 3690 Mautravers,
680 3613 795 3678 taliter
817 3609 959 3697 qualiter
981 3609 1153 3674 victitavit
1175 3629 1280 3694 usquc
1302 3609 1345 3676 ad
1367 3615 1499 3696 tempus

445 3715 584 3780 interius
608 3709 871 3780 annotandum.¹³

477 4017 678 4084 Ἐκοπίαιεωη]
697 4032 746 4069 om.
759 4017 804 4068 Ar·
817 4017 848 4078 Q.
1028 4010 1075 4063 ἵει
1086 4012 1198 4064 domim
1215 4049 1223 4065 .
1242 4049 1248 4065 .
1266 4049 1272 4065 .
1292 4053 1298 4066 .
1316 4014 1437 4082 latebat]
1449 4029 1499 4072 om.

474 4099 485 4130 ²
499 4097 660 4162 Commorim]
677 4111 727 4147 om.
739 4095 771 4145 R.
997 4091 1030 4154 Q.

473 4176 484 4209 ³
496 4178 566 4226 circa
577 4174 687 4240 Rumor]
703 4173 772 4224 circa
782 4170 943 4223 Dominicam
1025 4173 1036 4204 ⁸
1048 4171 1111 4240 riti]
1126 4189 1176 4224 om.
1188 4174 1220 4225 R.

438 4254 464 4305 in
475 4256 561 4315 ramis,
572 4255 605 4305 N.
1026 4253 1037 4286 ⁰
1047 4255 1175 4322 percutit]
1188 4257 1357 4323 permitteret,
1369 4259 1407 4310 M.

470 4337 481 4368 ⁴
497 4335 585 4401 Gors]
602 4333 674 4396 Oroi,
685 4334 737 4390 11.;
755 4332 814 4396 cor,
825 4331 854 4384 O·
1026 4333 1046 4366 ¹⁰
1057 4334 1182 4401 videlicet]
1197 4351 1248 4387 om.
1259 4337 1294 4388 H.

470 4413 614 4464 ‘deductas
632 4429 747 4462 .....
749 4411 776 4460 ti
795 4409 866 4475 suit]
899 4410 941 4459 de·
1026 4413 1042 4447 ¹¹
1054 4415 1117 4481 pro]
1132 4417 1164 4466 de
1175 4431 1229 4481 pro,
1241 4417 1296 4477 H.;
1314 4433 1358 4482 per
1376 4435 1499 4482 mensem,

437 4495 528 4544 ductu·
545 4494 579 4543 ad
596 4499 707 4543 castrum
718 4491 749 4541 dc
761 4489 836 4542 Oorle
847 4496 873 4538 et
891 4489 941 4538 alia
991 4494 1038 4544 Ar.
1051 4493 1084 4557 Q,
1220 4529 1223 4538 .

437 4575 493 4624 loca
519 4572 618 4622 diversa
636 4570 804 4631 coarctaret
832 4567 941 4618 finaliter
1024 4571 1045 4604 ²²
1055 4572 1181 4640 donnaus]
1196 4574 1287 4635 dictus
1299 4574 1347 4625 Ar.
1361 4577 1393 4634 Q.
1406 4577 1436 4628 c.
1449 4579 1487 4628 M.

436 4655 556 4704 reductus
568 4651 650 4702 estad
667 4649 816 4713 Berkelcye,
827 4647 862 4700 ita
873 4651 939 4713 qnod
1023 4650 1043 4685 ¹³
1054 4659 1078 4701 et
1089 4652 1127 4702 cic
1144 4688 1151 4703 .
1170 4689 1176 4702 .
1195 4689 1202 4702 .
1221 4689 1227 4703 .
1245 4653 1426 4721 annotandum]
1441 4672 1492 4706 om.

436 4731 481 4782 vix
493 4731 557 4781 scire
570 4729 652 4794 potuit
664 4727 707 4778 ubi
719 4726 776 4786 fuit,
787 4727 820 4776 N.
990 4731 1023 4781 N,

468 4809 632 4860 ⁶tumniter
650 4843 656 4857 .
674 4843 681 4857 .
699 4841 706 4856 .
725 4841 731 4855 .
750 4804 816 4869 eum]
832 4820 881 4854 om.
895 4805 930 4856 H.
