3650 5844
429 843 494 908 100
797 855 877 904 nnn
904 851 1097 904 uunruurn

271 1063 327 1107 Ap,
336 1066 394 1109 13³9,
428 1045 447 1071 ‘¹
466 1043 561 1100 lorum
574 1060 658 1115 aquo
667 1041 674 1074 ¹
684 1041 837 1098 libramine
850 1041 1021 1112 ponderare,
1033 1038 1140 1096 votivis
1152 1037 1286 1110 precibus
1308 1036 1478 1093 excitemus.

429 1131 446 1155 ‘⁸
467 1129 514 1192 Et,
535 1127 560 1182 si
579 1127 675 1182 iorsen
700 1126 733 1179 in
760 1125 838 1180 facto
863 1129 961 1180 nostro
987 1123 1144 1193 quicquam
1169 1125 1309 1191 appareat
1336 1118 1482 1175 cautelam

428 1213 447 1238 “
466 1225 621 1282 exposcens
639 1207 754 1263 consilii
771 1207 904 1272 senioris,
926 1223 943 1260 a
966 1205 1050 1260 vobis
1068 1221 1155 1274 super
1173 1204 1228 1258 hoc
1246 1203 1383 1270 cupimus
1403 1200 1482 1256 salu·

429 1298 446 1322 ‘¹
465 1293 557 1350 briter
583 1291 744 1356 informari,
765 1293 860 1361 perati
888 1291 919 1345 in
945 1288 1065 1360 agendis
1091 1287 1199 1343 nostris
1216 1285 1362 1358 singulis²
1379 1284 1481 1339 cedere

428 1381 448 1406 ‘⁶
468 1375 583 1432 rationi.
633 1375 718 1429 Detre
748 1373 827 1443 apud
853 1370 1089 1443 Andcwerpiem,
1121 1371 1179 1441 xvj.
1211 1369 1259 1424 die
1291 1369 1375 1434 Jnlii,
1406 1383 1483 1420 anno

429 1462 447 1486 “
467 1458 553 1531 regni
572 1459 682 1516 nostri³
701 1461 788 1514 tertio
810 1457 951 1513 decimo.”

256 1557 409 1650 fflssffi,
472 1543 667 1628 Philippus,⁴
703 1542 791 1606 filius
829 1540 935 1606 sancti
971 1537 1145 1618 Lodowici‚
1180 1559 1240 1602 rex
1272 1535 1483 1607 Francorum,

255 1656 406 1750 filffllgfffl
426 1649 542 1734 genuit
576 1647 774 1733 Philippum,
798 1647 924 1711 dictum
959 1642 1142 1730 pulchrum,
1173 1647 1207 1707 et
1240 1641 1400 1706 Karolum
1438 1638 1478 1701 de

258 1759 354 1802 Penes·
428 1750 558 1834 Valoys.
605 1749 721 1814 Eidem
745 1747 908 1834 Philippo,
923 1746 992 1812 filio
1015 1745 1120 1810 suncti
1137 1744 1313 1819 Lodowici,
1329 1739 1484 1806 suecessit

428 1851 463 1916 in
497 1873 598 1936 regno
615 1851 795 1937 *Philippus
828 1849 973 1936 pulcher,
997 1849 1101 1934 ipsius
1134 1845 1396 1932 primogenitus3
1426 1840 1484 1926 qui

428 1954 576 2030 decessit,
620 1953 744 2019 relictis
790 1952 897 2016 tribus
936 1951 1025 2027 filiis,
1065 1949 1224 2014 videlicet
1275 1940 1483 2029 Lodcwch,l

429 2057 584 2142 Philippo
617 2062 652 2120 et
680 2055 809 2131 Karolo,
833 2062 867 2119 et
890 2075 958 2118 una
980 2053 1057 2130 filie,
1081 2051 1237 2117 videlicet
1259 2049 1394 2114 domina
1416 2047 1485 2110 Isa-

428 2158 524 2234 belle,
546 2157 662 2243 regina
696 2157 837 2242 Angliae,
861 2177 944 2242 quee,
968 2155 1104 2220 vivente
1138 2160 1232 2240 patre
1267 2171 1335 2228 suc,
1358 2148 1486 2235 peperit

428 2260 599 2322 dominum
624 2258 869 2346 E[dwardum],
887 2279 976 2323 nunc
1010 2277 1121 2343 regem
1144 2253 1282 2342 Angliae.
1330 2250 1483 2335 Philippo

428 2361 566 2447 pulchro
589 2362 747 2427 successit
770 2361 806 2424 in
830 2382 932 2447 regno
961 2360 1163 2436 Lodowicus,
1188 2357 1292 2443 ipsius
1315 2355 1477 2441 primoge-

426 2465 525 2542 nitus,
550 2464 616 2549 qui,
641 2463 777 2528 vivente
810 2470 906 2548 petre
939 2483 1007 2539 suc,
1031 2462 1072 2527 de
1105 2460 1237 2546 propriu
1269 2478 1373 2522 uxore
1404 2476 1472 2528 sue,

429 2565 499 2630 filie
522 2565 614 2631 ducis
631 2565 844 2652 Burgundiae,
869 2564 1045 2630 suscitavit
1078 2585 1178 2628 unam
1210 2560 1324 2637 filiam,
1346 2559 1387 2624 de
1411 2579 1484 2642 quc,

430 2667 502 2752 ipso
525 2667 668 2745 vivente,
692 2667 786 2733 nulla
808 2667 916 2732 fuerat
937 2667 1043 2752 proles
1058 2665 1225 2730 suscitate.
1272 2663 1365 2728 Idem
1381 2662 1487 2726 Lcdo·

431 2768 533 2832 wicus
555 2769 596 2833 de
619 2769 762 2834 secunde
785 2791 887 2834 uxore
911 2790 978 2846 sue,
1002 2768 1072 2834 filie
1094 2767 1180 2854 regis
1205 2764 1398 2853 Hungariae,
1413 2785 1483 2828 sus-

430 2871 549 2935 citavit
571 2870 686 2947 filium,
701 2871 725 2935 J
728 2870 891 2936 ohannem
915 2870 1078 2946 videlicet,
1094 2869 1153 2955 qui
1168 2868 1364 2954 posthumus
1386 2872 1485 2930 nutus

432 2972 521 3036 vixit
543 2993 603 3058 per
625 2993 749 3058 peuces
783 2972 862 3050 dies,
886 2972 943 3036 sed
975 2972 1055 3036 dum
1087 2971 1176 3035 vixit
1209 2970 1395 3036 habebatur
1426 2988 1485 3053 pro

314 3128 319 3140 .
432 3095 519 3160 rege.
578 3075 695 3138 Eidem
727 3073 876 3139 Johanni
908 3073 1085 3160 posthumo
1124 3073 1281 3138 successit
1303 3069 1485 3156 Philippus,

432 3177 575 3242 secundo
598 3178 731 3264 genitus
747 3175 893 3262 Philippi
910 3175 1047 3262 pulchri,
1064 3176 1121 3261 qui
1138 3175 1179 3240 de
1194 3195 1297 3240 uxore
1312 3173 1487 3240 suscitavit

432 3281 515 3346 duas
538 3279 633 3356 filias,
658 3301 725 3344 una
748 3279 902 3366 copulate
935 3279 971 3342 in
1005 3277 1216 3342 matrimonio
1249 3277 1363 3342 comiti
1388 3275 1486 3340 Flen-

434 3381 524 3458 driae,
556 3380 662 3445 altera
694 3379 852 3466 delphino
884 3381 925 3445 de
958 3379 1123 3454 Viennia;
1149 3378 1207 3444 sed
1245 3377 1286 3442 de
1324 3378 1413 3464 ipsis,
1447 3399 1485 3441 eo

433 3482 578 3561 vivente,
601 3481 694 3546 nulle
710 3480 821 3546 fuerat
836 3482 943 3566 proles
958 3480 1126 3546 suscitate.
1173 3480 1306 3545 Mortuo
1321 3479 1485 3565 Philippo,

432 3583 576 3648 secundo
607 3584 721 3670 genito
745 3584 890 3670 Philippi
923 3583 1066 3669 pulchri,
1088 3584 1159 3648 sine
1187 3582 1306 3648 herede
1341 3581 1486 3648 masculo

433 3684 475 3750 de
507 3706 642 3770 corpore
674 3707 734 3751 suo
766 3691 946 3771 procreato,
977 3687 1134 3753 successit
1168 3685 1276 3752 eidem
1314 3685 1350 3748 in
1383 3705 1486 3770 regno

432 3787 586 3864 Karolus‚
622 3788 742 3853 ultimo
773 3788 907 3874 genitus
941 3787 1090 3875 Philippi
1120 3787 1259 3875 pulchri.
1306 3787 1379 3868 Quo
1413 3809 1485 3874 reg·

432 3896 543 3967 nente,
567 3889 694 3956 iactum
717 3890 827 3957 fuerat
859 3897 1023 3957 statutum
1056 3892 1144 3977 quod
1176 3891 1301 3958 femine
1323 3893 1360 3957 in
1382 3914 1486 3977 regno

432 3990 581 4057 Francius
613 4014 680 4057 non
711 3993 907 4069 succederet,
942 3993 1000 4058 sed
1033 3992 1198 4058 masculus
1232 3997 1375 4069 tentum,
1399 3993 1487 4058 siout

432 4093 532 4158 etiam
557 4094 647 4180 prius
670 4093 712 4158 de
742 4094 980 4160 consuetudine
1011 4093 1125 4160 fuerat
1158 4094 1343 4159 obtentum.
1391 4091 1486 4158 Idem

432 4194 584 4272 Karolus,
608 4195 726 4260 ultimo
756 4197 889 4282 genitus
913 4195 1060 4283 Philippi
1095 4195 1235 4282 pulchri,
1259 4196 1331 4261 sine
1365 4196 1486 4262 herede

431 4298 578 4363 masculo
600 4299 641 4363 de
665 4320 797 4384 corpore
821 4320 880 4363 suo
902 4305 1075 4384 procreato
1097 4300 1245 4366 decessit.
1293 4299 1374 4365 Post
1392 4300 1487 4385 cujus

428 4405 569 4466 mortem
584 4401 766 4487 Philippus,
789 4401 877 4466 iilius
901 4401 1017 4468 Karoli
1040 4402 1081 4468 de
1104 4403 1229 4491 Veloys
1251 4406 1410 4490 praedicti,
1435 4427 1486 4470 oc·

463 4602 566 4668 laquo]
581 4619 620 4662 eo,
632 4603 667 4654 H.
679 4604 712 4653 A.
1012 4602 1100 4654 ⁴The
1133 4605 1264 4671 following
1298 4617 1429 4672 argument
1465 4611 1486 4660 is

461 4681 602 4748 ²sr'n9uh's]
619 4699 668 4734 om.
682 4686 716 4734 Η.
729 4686 765 4735 A.
983 4683 1091 4736 omitted
1105 4684 1131 4734 in
1145 4685 1178 4735 N.
1190 4687 1223 4736 R.
1237 4686 1267 4738 Ο.
1279 4689 1318 4738 M.

461 4761 471 4794 ³
484 4762 578 4826 nostri]
594 4778 644 4814 om.
659 4765 694 4814 H.
706 4767 740 4814 Α.
1018 4763 1028 4794 ⁵
1041 4762 1196 4830 Lodcwyce]
1212 4766 1358 4828 Iodowico,
1369 4769 1402 4820 A.
