3650 5844
622 817 854 868 connsunno
877 815 1137 867 onnomcssuu.
1363 799 1406 870 97

351 1003 369 1031 “
392 1003 480 1058 ‘mus
507 1003 544 1058 ad
569 1001 739 1066 defensam,¹
757 1001 889 1068 alterius,
918 1018 1006 1073 quam
1034 1018 1091 1056 non
1119 1001 1306 1064 intendimus,
1330 999 1409 1055 neu2
1428 1011 1555 1078 ¹alarino.

349 1087 367 1112 ‘⁶
390 1085 536 1156 ‘agimus
555 1103 608 1140 nec
625 1101 755 1156 agemus,
775 1087 858 1156 putet
876 1081 1016 1154 injuriam
1043 1084 1091 1139 vel
1110 1084 1261 1139 offensam.
1310 1085 1407 1140 Immo

352 1170 370 1194 “
391 1167 567 1232 ‘credimus
588 1165 659 1238 quin
685 1165 782 1236 potius
800 1167 873 1221 certi
891 1184 1001 1232 sumus,
1016 1167 1092 1238 quod
1105 1165 1177 1220 facti
1195 1166 1290 1221 nostri
1308 1164 1405 1222 inten-

349 1252 372 1277 “
392 1251 455 1304 ‘tio
483 1248 661 1314 attendetur,
681 1255 711 1304 et
737 1249 824 1320 quod,
843 1249 893 1304 ubi
914 1267 946 1304 ac
974 1254 1092 1320 propter
1120 1251 1197 1321 quod
1217 1249 1276 1314 fiat,
1306 1250 1405 1305 debita

352 1336 370 1360 ‘⁸
391 1337 398 1360 ‘
413 1331 641 1388 consideratione
659 1331 815 1388 librabitur
833 1337 864 1388 et
872 1332 947 1402 justi
961 1333 1080 1388 statera³
1091 1333 1199 1402 judicis
1211 1333 1404 1404 appendetur,

354 1417 371 1442 “
393 1417 457 1480 ‘ut‚
475 1415 551 1471 sicut
569 1415 681 1470 sanctio
700 1415 774 1486 legis
793 1415 885 1478 docet,
906 1433 964 1471 non
983 1416 1094 1470 factum
1113 1433 1148 1470 ex
1167 1415 1255 1480 dicto,
1276 1415 1328 1470 sed
1346 1416 1405 1471 dic-

352 1501 370 1524 “
393 1503 476 1554 ‘tum
494 1504 631 1570 pensetur
649 1516 684 1553 ex
696 1499 781 1554 facto.
818 1500 887 1555 Non
899 1502 975 1554 esset
987 1498 1119 1570 equidem
1128 1499 1204 1570 juris
1217 1500 1406 1571 praesumptio

353 1585 371 1611 ‘¹
394 1582 530 1646 ‘nobilis
551 1584 629 1652 quod
654 1583 792 1654 supponit
819 1582 930 1637 factum
958 1584 995 1637 ab
1022 1581 1141 1637 homine
1168 1583 1233 1637 fieri
1258 1599 1310 1657 suo
1326 1583 1404 1652 jure,

353 1667 371 1692 ‘¹
393 1668 473 1718 ‘non
490 1664 618 1734 benigna
636 1665 839 1736 interpretatio
856 1663 904 1720 vel
931 1663 1037 1730 civilis,
1057 1665 1172 1736 qualem
1200 1665 1264 1720 fieri
1292 1683 1405 1738 semper

354 1749 370 1772 “
394 1747 510 1802 ‘dictat
528 1765 651 1802 censura
668 1747 782 1817 legalis,
803 1747 829 1801 si
846 1747 940 1802 nostri
963 1745 1040 1816 juris
1067 1765 1155 1802 usum
1172 1748 1321 1803 notorium
1339 1766 1404 1802 nos-

353 1831 371 1856 “
394 1831 527 1900 ‘traequo
557 1829 733 1884 defensionis
770 1829 973 1900 compendium
1004 1829 1206 1902 dispendium⁴
1225 1831 1405 1887 offensionis

352 1914 371 1940 “
392 1913 517 1968 ‘illicite
535 1913 618 1984 quis⁵
630 1913 740 1968 diceret
756 1911 868 1968 alienes.
895 1913 995 1969 Cesset
1013 1931 1094 1984 ergo,
1109 1930 1286 1983 quaesumus,
1310 1915 1405 1970 omnis

353 1999 372 2024 “
394 1995 584 2067 'conjectura
613 1995 644 2050 in
674 1997 786 2052 actibus
816 1996 924 2052 nostris
951 1997 1104 2068 certisque,
1133 1997 1228 2052 locum
1254 1997 1407 2054 dumtaxat

353 2083 371 2108 ‘⁸
394 2081 473 2136 ‘sibi
500 2080 637 2135 vendicat
664 2081 695 2134 in
722 2099 782 2135 uon
821 2081 919 2134 certis.
971 2081 1114 2150 Denique,
1148 2081 1245 2136 dicet⁵
1280 2081 1405 2136 forsitan

354 2165 371 2190 ‘¹
394 2157 569 2217 ‘accusator
596 2161 814 2234 calumpniosus
854 2167 963 2216 nostrae
994 2163 1119 2217 actionis
1150 2164 1299 2234 interpres
1328 2164 1405 2232 quod

353 2248 373 2271 ‘¹
395 2246 598 2316 ‘suscepimus
616 2245 766 2300 hominem
779 2249 882 2300 eontra
900 2262 988 2314 quem
1006 2247 1187 2314 processisse
1200 2246 1296 2301 fertur
1314 2248 1405 2302 eccle-

353 2331 372 2356 “
395 2329 500 2393 ‘siam,
521 2329 569 2384 vel
593 2328 722 2383 hominis
748 2347 807 2383 non
832 2329 964 2399 parentis
990 2329 1121 2384 ecclesiae
1149 2330 1301 2386 sicariam.
1338 2330 1405 2385 Non

354 2415 372 2439 ‘¹
395 2410 494 2466 ‘dicet
511 2411 590 2483 quod
608 2411 707 2466 fratris
726 2417 756 2466 et
774 2411 868 2466 affinis
886 2412 1000 2466 vicibus
1014 2411 1178 2482 fungimur,
1188 2431 1247 2468 non
1265 2413 1301 2468 ad
1312 2412 1406 2485 juris7

354 2497 373 2523 “
396 2498 403 2521 ¹
419 2493 586 2550 habendum
603 2495 736 2558 titulum,
757 2493 809 2550 sed
826 2496 1027 2550 necessarium
1045 2495 1129 2550 nobis
1147 2496 1290 2566 potentias
1309 2497 1405 2551 solum

352 2581 371 2604 ‘⁸
394 2580 400 2604 ‘
418 2595 511 2644 nsum,
523 2578 741 2642 nt,necessario
759 2577 873 2632 suffulti
890 2577 1038 2647 prasidio,
1054 2577 1105 2632 nbi
1117 2596 1195 2634 nuno
1214 2596 1325 2644 sumus,
1336 2579 1407 2642 nos,s

353 2663 372 2687 ‘⁶
394 2659 618 2732 ‘scongestis⁹
637 2661 668 2714 in
687 2665 818 2716 nostram
846 2651 964 2715 ruinam
990 2660 1130 2730 perieulis
1159 2661 1350 2716 defendamus
1377 2667 1407 2716 et

354 2748 373 2773 “
395 2749 470 2816 ‘pro
487 2751 656 2801 nostrornm
679 2744 793 2815 jurium
808 2743 891 2814 justa
920 2744 1103 2800 assecutione
1134 2751 1290 2800 certemus.
1339 2746 1408 2801 Non

354 2831 372 2855 ‘⁶
395 2829 496 2884 ‘dicet
522 2827 599 2898 quod
625 2826 806 2881 intendimus
825 2844 878 2881 nos
903 2827 1060 2882 defendere
1086 2833 1117 2882 et
1141 2846 1196 2899 pro
1220 2836 1322 2884 nostro
1337 2829 1406 2900 jure

352 2914 371 2939 ‘⁸
394 2912 611 2975 ‘canturanae
639 2909 792 2964 ecclesiam
820 2909 994 2981 impugnare
1019 2910 1067 2964 vel
1093 2909 1157 2979 ejus
1184 2912 1404 2983 impugnationi

353 2999 372 3024 “
394 2995 523 3060 ‘favere
543 3011 597 3064 pro
625 2991 709 3060 enjus
735 2992 837 3062 utique
863 2998 1010 3048 staremus
1038 2994 1155 3056 honore,
1174 2994 1285 3048 nullius
1303 2995 1405 3049 habita

355 3083 373 3108 ⁸⁶
393 3078 530 3132 ‘ratione
566 3074 703 3148 periculi,
733 3076 810 3129 mont
848 3075 1025 3130 catholicam
1065 3076 1271 3132 excellentiam
1300 3095 1405 3146 regum

356 3165 374 3190 ‘⁶
397 3160 533 3216 ‘decet.¹⁰
550 3159 624 3215 (ium
637 3164 746 3223 temen,
762 3164 796 3213 nt
808 3159 903 3214 omnis
911 3159 989 3230 juris
1002 3159 1091 3214 series
1109 3167 1217 3225 censet,
1237 3161 1360 3216 intentio
1378 3167 1408 3216 et
1451 3165 1453 3170 '

355 3247 374 3272 ¹¹
397 3241 578 3313 ‘cujuslibet
604 3241 729 3297 actionis
756 3240 853 3296 finalis
872 3259 959 3297 cansa
976 3243 1025 3296 vel
1051 3243 1127 3297 ratio
1146 3244 1186 3298 sit
1203 3242 1409 3316 principaliter

357 3330 376 3355 “
398 3324 605 3389 ‘attendenda
629 3330 659 3379 et
678 3343 713 3378 ex
732 3325 840 3379 notitia
862 3325 1021 3379 voluntatis
1039 3329 1128 3396 atque
1146 3326 1290 3397 propositi
1308 3333 1411 3396 surgat

355 3414 374 3439 “
395 3411 557 3465 ‘distincta
581 3413 719 3480 certaque
744 3408 875 3478 cognitio
902 3409 999 3478 operis
1025 3410 1164 3475 accusati,
1191 3411 1344 3481 solumque
1371 3410 1407 3464 de

354 3497 372 3523 ⁴‘
393 3493 507 3564 ‘gestis
524 3491 677 3546 hominum
702 3491 790 3547 realis
814 3491 901 3555 cotie,
921 3509 980 3545 non
1006 3493 1134 3548 verbalis
1152 3495 1315 3564 conceptio,
1335 3512 1407 3565 pon·

354 3580 373 3604 “
394 3575 553 3640 ‘deretur;
583 3591 643 3628 non
668 3573 747 3629 dicet
766 3573 844 3644 quod
870 3574 994 3628 facimus
1013 3575 1049 3628 de
1066 3577 1191 3632 materia
1208 3578 1266 3632 ista
1291 3581 1407 3632 scutum
1419 3565 1477 3608 ⁵²²·

354 3663 373 3687 “
395 3661 520 3714 ‘contra
546 3676 625 3722 enm,
645 3659 695 3729 qui
714 3663 814 3713 nostro
841 3658 1025 3728 prominebat
1052 3661 1144 3730 capiti
1169 3661 1274 3715 mortis
1303 3663 1407 3725 ictum,

353 3746 373 3770 “
395 3743 551 3815 ‘qnodque
561 3742 579 3774 ¹¹
597 3743 752 3798 fecerimus
779 3739 887 3809 me'dici
914 3743 1057 3812 sapientis
1083 3745 1247 3816 exemplo,¹²
1276 3746 1328 3816 qni
1345 3763 1408 3799 ma·

355 3829 374 3854 “
397 3828 523 3882 ‘teriam
550 3831 645 3881 morte
671 3826 799 3895 plenam,
818 3829 987 3881 currentem
1015 3825 1052 3880 ad
1077 3830 1178 3898 partes
1203 3829 1333 3900 corporis
1358 3829 1410 3883 ubi

356 3913 374 3940 “
397 3912 482 3966 ‘vita
517 3927 548 3966 sa
582 3907 698 3980 recipit,
716 3908 863 3965 divertere
871 3908 891 3942 ¹³
907 3909 980 3965 feeit
1007 3909 1046 3964 ad
1078 3912 1211 3966 membra
1244 3912 1277 3965 in
1304 3912 1410 3983 quibus

765 4045 814 4051 -—
825 4045 836 4049 -
1124 4045 1128 4050 .
1351 4044 1411 4051 --.

388 4136 395 4168 ¹
409 4134 549 4200 defensam]
566 4133 698 4192 offensam,
711 4131 744 4181 Η.
758 4133 799 4180 Α..
940 4131 1021 4197 snos]
1038 4147 1094 4192 nee,
1105 4132 1138 4182 H.
1151 4133 1183 4182 A.

387 4214 473 4280 2ηση]
489 4229 538 4263 om.
552 4214 586 4263 H.
598 4215 631 4262 A.
939 4209 950 4241 ⁹
961 4210 1098 4274 emicastis]
1114 4210 1242 4272 comestis,
1254 4210 1289 4260 H.
1302 4211 1335 4259 A.

387 4295 471 4360 ³justi
488 4291 600 4356 statera]
620 4291 692 4354 justo
711 4297 812 4349 statere,
824 4289 860 4339 H.
943 4290 962 4322 ¹⁰
973 4289 1055 4354 decet]
1071 4291 1153 4350 docet,
1165 4290 1199 4340 Η.
1212 4291 1246 4340 Α.

355 4374 381 4423 Α
945 4367 963 4400 ¹¹
976 4369 1027 4418 ista
1162 4369 1289 4434 quodem]
1316 4370 1412 4418 omli.

388 4450 399 4483 ⁴
411 4449 582 4516 diepmdium]
598 4449 662 4512 disp.
669 4455 770 4506 nosuoe,
782 4447 816 4496 H.
827 4445 861 4496 Α.
909 4448 943 4497 Α.

390 4527 483 4592 ⁵paia]
498 4543 570 4590 quos,
582 4527 615 4576 H.
629 4527 663 4577 A.
944 4525 964 4558 ¹⁹
975 4525 1100 4590 cample]
1116 4527 1240 4590 exempla,
1252 4527 1286 4576 Η.
1300 4527 1334 4574 A.

398 4605 499 4670 ⁶dt'cet]
514 4605 580 4656 dicet
592 4621 653 4664 non,
664 4605 699 4655 Η.
712 4606 745 4654 Α.
946 4603 965 4635 ¹³
977 4603 1115 4668 divertere]
1131 4604 1267 4663 dimittere,
1280 4604 1314 4652 Η.
1327 4603 1360 4651 Λ,

394 4683 404 4722 ⁷
412 4684 494 4749 juris]
508 4684 590 4747 juriis,
602 4684 635 4733 H.
648 4685 680 4733 A.

457 4775 484 4826 u
517 4778 608 4826 eooss.
1254 4791 1277 4838 G
